,month,region,brand,sales
0,2020-01,region_0,brand_12_market,509023.69
1,2020-02,region_0,brand_12_market,458929.0
2,2020-03,region_0,brand_12_market,477955.06
3,2020-04,region_0,brand_12_market,496981.12
4,2020-05,region_0,brand_12_market,473531.38
5,2020-06,region_0,brand_12_market,462831.86
6,2020-07,region_0,brand_12_market,501181.82
7,2020-08,region_0,brand_12_market,478167.37
8,2020-09,region_0,brand_12_market,463424.44
9,2020-10,region_0,brand_12_market,529006.82
10,2020-11,region_0,brand_12_market,522498.6
11,2020-12,region_0,brand_12_market,543796.76
12,2021-01,region_0,brand_12_market,505188.62
13,2021-02,region_0,brand_12_market,517642.4
14,2021-03,region_0,brand_12_market,614682.66
15,2021-04,region_0,brand_12_market,609680.12
16,2021-05,region_0,brand_12_market,555279.23
17,2021-06,region_0,brand_12_market,598573.06
18,2021-07,region_0,brand_12_market,607265.25
19,2021-08,region_0,brand_12_market,560994.86
20,2020-01,region_1,brand_12_market,344182.42
21,2020-02,region_1,brand_12_market,300926.27
22,2020-03,region_1,brand_12_market,312868.88
23,2020-04,region_1,brand_12_market,324811.49
24,2020-05,region_1,brand_12_market,305830.89
25,2020-06,region_1,brand_12_market,291465.87
26,2020-07,region_1,brand_12_market,367384.5
27,2020-08,region_1,brand_12_market,246224.45
28,2020-09,region_1,brand_12_market,336842.82
29,2020-10,region_1,brand_12_market,369632.91
30,2020-11,region_1,brand_12_market,329744.34
31,2020-12,region_1,brand_12_market,371283.56
32,2021-01,region_1,brand_12_market,306729.35
33,2021-02,region_1,brand_12_market,309525.12
34,2021-03,region_1,brand_12_market,375110.11
35,2021-04,region_1,brand_12_market,371256.48
36,2021-05,region_1,brand_12_market,322650.99
37,2021-06,region_1,brand_12_market,354094.0
38,2021-07,region_1,brand_12_market,414438.74
39,2021-08,region_1,brand_12_market,288076.05
40,2020-01,region_2,brand_12_market,232335.01
41,2020-02,region_2,brand_12_market,227906.64
42,2020-03,region_2,brand_12_market,226839.99
43,2020-04,region_2,brand_12_market,225773.34
44,2020-05,region_2,brand_12_market,199407.7
45,2020-06,region_2,brand_12_market,212064.84
46,2020-07,region_2,brand_12_market,210467.4
47,2020-08,region_2,brand_12_market,209980.5
48,2020-09,region_2,brand_12_market,221172.59
49,2020-10,region_2,brand_12_market,230230.88
50,2020-11,region_2,brand_12_market,233894.56
51,2020-12,region_2,brand_12_market,239959.81
52,2021-01,region_2,brand_12_market,217175.96
53,2021-02,region_2,brand_12_market,220195.98
54,2021-03,region_2,brand_12_market,254430.04
55,2021-04,region_2,brand_12_market,250852.99
56,2021-05,region_2,brand_12_market,230616.73
57,2021-06,region_2,brand_12_market,249076.8
58,2021-07,region_2,brand_12_market,238937.21
59,2021-08,region_2,brand_12_market,224668.29
60,2020-01,region_3,brand_12_market,233121.0
61,2020-02,region_3,brand_12_market,223757.0
62,2020-03,region_3,brand_12_market,227677.545
63,2020-04,region_3,brand_12_market,231598.09
64,2020-05,region_3,brand_12_market,220992.53
65,2020-06,region_3,brand_12_market,220138.43
66,2020-07,region_3,brand_12_market,244248.99
67,2020-08,region_3,brand_12_market,182054.5
68,2020-09,region_3,brand_12_market,220144.94
69,2020-10,region_3,brand_12_market,246775.2
70,2020-11,region_3,brand_12_market,239457.11
71,2020-12,region_3,brand_12_market,251346.52
72,2021-01,region_3,brand_12_market,206951.76
73,2021-02,region_3,brand_12_market,214218.72
74,2021-03,region_3,brand_12_market,247174.7
75,2021-04,region_3,brand_12_market,252601.29
76,2021-05,region_3,brand_12_market,230236.58
77,2021-06,region_3,brand_12_market,243819.71
78,2021-07,region_3,brand_12_market,265542.88
79,2021-08,region_3,brand_12_market,192415.02
80,2020-01,region_4,brand_12_market,275719.49
81,2020-02,region_4,brand_12_market,262451.41
82,2020-03,region_4,brand_12_market,273433.94499999995
83,2020-04,region_4,brand_12_market,284416.48
84,2020-05,region_4,brand_12_market,251176.45
85,2020-06,region_4,brand_12_market,258375.76
86,2020-07,region_4,brand_12_market,279206.1
87,2020-08,region_4,brand_12_market,227005.57
88,2020-09,region_4,brand_12_market,268678.63
89,2020-10,region_4,brand_12_market,298015.17
90,2020-11,region_4,brand_12_market,267025.85
91,2020-12,region_4,brand_12_market,303638.43
92,2021-01,region_4,brand_12_market,263874.59
93,2021-02,region_4,brand_12_market,251440.06
94,2021-03,region_4,brand_12_market,308587.73
95,2021-04,region_4,brand_12_market,313723.81
96,2021-05,region_4,brand_12_market,278389.23
97,2021-06,region_4,brand_12_market,279358.77
98,2021-07,region_4,brand_12_market,327354.89
99,2021-08,region_4,brand_12_market,273605.91
100,2020-01,region_5,brand_12_market,191306.52
101,2020-02,region_5,brand_12_market,172144.93
102,2020-03,region_5,brand_12_market,183526.54
103,2020-04,region_5,brand_12_market,194908.15
104,2020-05,region_5,brand_12_market,173621.95
105,2020-06,region_5,brand_12_market,174452.86
106,2020-07,region_5,brand_12_market,196731.21
107,2020-08,region_5,brand_12_market,149397.77
108,2020-09,region_5,brand_12_market,172530.4
109,2020-10,region_5,brand_12_market,204477.14
110,2020-11,region_5,brand_12_market,171776.5
111,2020-12,region_5,brand_12_market,206547.63
112,2021-01,region_5,brand_12_market,182822.53
113,2021-02,region_5,brand_12_market,181479.13
114,2021-03,region_5,brand_12_market,212133.22
115,2021-04,region_5,brand_12_market,214224.88
116,2021-05,region_5,brand_12_market,186138.17
117,2021-06,region_5,brand_12_market,200730.1
118,2021-07,region_5,brand_12_market,222273.36
119,2021-08,region_5,brand_12_market,181689.62
120,2020-01,region_6,brand_12_market,140072.67
121,2020-02,region_6,brand_12_market,126636.07
122,2020-03,region_6,brand_12_market,131495.345
123,2020-04,region_6,brand_12_market,136354.62
124,2020-05,region_6,brand_12_market,123840.55
125,2020-06,region_6,brand_12_market,114204.48
126,2020-07,region_6,brand_12_market,127328.35
127,2020-08,region_6,brand_12_market,108682.52
128,2020-09,region_6,brand_12_market,117681.19
129,2020-10,region_6,brand_12_market,142419.91
130,2020-11,region_6,brand_12_market,143115.45
131,2020-12,region_6,brand_12_market,127016.59
132,2021-01,region_6,brand_12_market,134715.07
133,2021-02,region_6,brand_12_market,126102.02
134,2021-03,region_6,brand_12_market,138026.8
135,2021-04,region_6,brand_12_market,167337.91
136,2021-05,region_6,brand_12_market,133064.66
137,2021-06,region_6,brand_12_market,131459.65
138,2021-07,region_6,brand_12_market,144010.95
139,2021-08,region_6,brand_12_market,132205.24
140,2020-01,region_7,brand_12_market,447757.84
141,2020-02,region_7,brand_12_market,444881.3
142,2020-03,region_7,brand_12_market,451889.915
143,2020-04,region_7,brand_12_market,458898.53
144,2020-05,region_7,brand_12_market,448525.41
145,2020-06,region_7,brand_12_market,469491.18
146,2020-07,region_7,brand_12_market,453955.49
147,2020-08,region_7,brand_12_market,425569.15
148,2020-09,region_7,brand_12_market,430860.28
149,2020-10,region_7,brand_12_market,464488.5
150,2020-11,region_7,brand_12_market,460346.52
151,2020-12,region_7,brand_12_market,445941.15
152,2021-01,region_7,brand_12_market,427411.81
153,2021-02,region_7,brand_12_market,433968.77
154,2021-03,region_7,brand_12_market,489428.64
155,2021-04,region_7,brand_12_market,487031.43
156,2021-05,region_7,brand_12_market,462760.18
157,2021-06,region_7,brand_12_market,487333.67
158,2021-07,region_7,brand_12_market,464123.24
159,2021-08,region_7,brand_12_market,456181.17
160,2020-01,region_8,brand_12_market,233835.41
161,2020-02,region_8,brand_12_market,221489.99
162,2020-03,region_8,brand_12_market,227656.68
163,2020-04,region_8,brand_12_market,233823.37
164,2020-05,region_8,brand_12_market,194481.56
165,2020-06,region_8,brand_12_market,224272.56
166,2020-07,region_8,brand_12_market,218264.57
167,2020-08,region_8,brand_12_market,214321.26
168,2020-09,region_8,brand_12_market,217077.67
169,2020-10,region_8,brand_12_market,264291.86
170,2020-11,region_8,brand_12_market,225220.83
171,2020-12,region_8,brand_12_market,225482.04
172,2021-01,region_8,brand_12_market,249821.14
173,2021-02,region_8,brand_12_market,230277.46
174,2021-03,region_8,brand_12_market,259614.74
175,2021-04,region_8,brand_12_market,269114.22
176,2021-05,region_8,brand_12_market,240485.62
177,2021-06,region_8,brand_12_market,231180.7
178,2021-07,region_8,brand_12_market,231139.48
179,2021-08,region_8,brand_12_market,229328.68
180,2020-01,region_9,brand_12_market,202923.31
181,2020-02,region_9,brand_12_market,179369.8
182,2020-03,region_9,brand_12_market,194827.755
183,2020-04,region_9,brand_12_market,210285.71
184,2020-05,region_9,brand_12_market,182404.14
185,2020-06,region_9,brand_12_market,165273.82
186,2020-07,region_9,brand_12_market,196170.12
187,2020-08,region_9,brand_12_market,168656.97
188,2020-09,region_9,brand_12_market,184478.43
189,2020-10,region_9,brand_12_market,226443.77
190,2020-11,region_9,brand_12_market,225693.42
191,2020-12,region_9,brand_12_market,191274.64
192,2021-01,region_9,brand_12_market,223837.16
193,2021-02,region_9,brand_12_market,205244.25
194,2021-03,region_9,brand_12_market,219864.48
195,2021-04,region_9,brand_12_market,239286.53
196,2021-05,region_9,brand_12_market,214955.52
197,2021-06,region_9,brand_12_market,220491.72
198,2021-07,region_9,brand_12_market,221235.41
199,2021-08,region_9,brand_12_market,208727.15
200,2020-01,region_10,brand_12_market,269164.92
201,2020-02,region_10,brand_12_market,254111.25
202,2020-03,region_10,brand_12_market,263195.23
203,2020-04,region_10,brand_12_market,272279.21
204,2020-05,region_10,brand_12_market,246961.61
205,2020-06,region_10,brand_12_market,240491.02
206,2020-07,region_10,brand_12_market,277180.3
207,2020-08,region_10,brand_12_market,207809.77
208,2020-09,region_10,brand_12_market,246187.77
209,2020-10,region_10,brand_12_market,278678.65
210,2020-11,region_10,brand_12_market,262623.68
211,2020-12,region_10,brand_12_market,278085.48
212,2021-01,region_10,brand_12_market,253176.68
213,2021-02,region_10,brand_12_market,253448.33
214,2021-03,region_10,brand_12_market,292068.64
215,2021-04,region_10,brand_12_market,309042.96
216,2021-05,region_10,brand_12_market,265958.75
217,2021-06,region_10,brand_12_market,279448.68
218,2021-07,region_10,brand_12_market,314448.45
219,2021-08,region_10,brand_12_market,249622.0
220,2020-01,region_11,brand_12_market,224599.11
221,2020-02,region_11,brand_12_market,213306.11
222,2020-03,region_11,brand_12_market,221804.55
223,2020-04,region_11,brand_12_market,230302.99
224,2020-05,region_11,brand_12_market,199466.92
225,2020-06,region_11,brand_12_market,203984.94
226,2020-07,region_11,brand_12_market,231040.51
227,2020-08,region_11,brand_12_market,193601.56
228,2020-09,region_11,brand_12_market,202781.72
229,2020-10,region_11,brand_12_market,238325.65
230,2020-11,region_11,brand_12_market,232732.67
231,2020-12,region_11,brand_12_market,234432.7
232,2021-01,region_11,brand_12_market,220407.26
233,2021-02,region_11,brand_12_market,216414.62
234,2021-03,region_11,brand_12_market,244732.2
235,2021-04,region_11,brand_12_market,260984.22
236,2021-05,region_11,brand_12_market,235994.18
237,2021-06,region_11,brand_12_market,229605.39
238,2021-07,region_11,brand_12_market,277616.78
239,2021-08,region_11,brand_12_market,197549.31
240,2020-01,region_12,brand_12_market,247825.05
241,2020-02,region_12,brand_12_market,220879.28
242,2020-03,region_12,brand_12_market,231373.17
243,2020-04,region_12,brand_12_market,241867.06
244,2020-05,region_12,brand_12_market,225342.83
245,2020-06,region_12,brand_12_market,212155.11
246,2020-07,region_12,brand_12_market,267578.04
247,2020-08,region_12,brand_12_market,206194.3
248,2020-09,region_12,brand_12_market,222943.67
249,2020-10,region_12,brand_12_market,278428.29
250,2020-11,region_12,brand_12_market,238674.97
251,2020-12,region_12,brand_12_market,262928.69
252,2021-01,region_12,brand_12_market,234679.79
253,2021-02,region_12,brand_12_market,230797.31
254,2021-03,region_12,brand_12_market,275190.29
255,2021-04,region_12,brand_12_market,278436.74
256,2021-05,region_12,brand_12_market,243019.81
257,2021-06,region_12,brand_12_market,264899.35
258,2021-07,region_12,brand_12_market,274923.51
259,2021-08,region_12,brand_12_market,228446.71
260,2020-01,region_13,brand_12_market,395261.06
261,2020-02,region_13,brand_12_market,359808.01
262,2020-03,region_13,brand_12_market,370865.36
263,2020-04,region_13,brand_12_market,381922.71
264,2020-05,region_13,brand_12_market,365489.96
265,2020-06,region_13,brand_12_market,342267.61
266,2020-07,region_13,brand_12_market,429007.26
267,2020-08,region_13,brand_12_market,313861.55
268,2020-09,region_13,brand_12_market,374553.04
269,2020-10,region_13,brand_12_market,425308.8
270,2020-11,region_13,brand_12_market,401012.86
271,2020-12,region_13,brand_12_market,444077.87
272,2021-01,region_13,brand_12_market,370964.29
273,2021-02,region_13,brand_12_market,358839.86
274,2021-03,region_13,brand_12_market,439469.31
275,2021-04,region_13,brand_12_market,433090.84
276,2021-05,region_13,brand_12_market,379569.53
277,2021-06,region_13,brand_12_market,425147.62
278,2021-07,region_13,brand_12_market,469732.83
279,2021-08,region_13,brand_12_market,350461.04
280,2020-01,region_14,brand_12_market,308436.43
281,2020-02,region_14,brand_12_market,278961.49
282,2020-03,region_14,brand_12_market,291721.355
283,2020-04,region_14,brand_12_market,304481.22
284,2020-05,region_14,brand_12_market,279449.42
285,2020-06,region_14,brand_12_market,277307.55
286,2020-07,region_14,brand_12_market,281132.54
287,2020-08,region_14,brand_12_market,271058.09
288,2020-09,region_14,brand_12_market,276478.53
289,2020-10,region_14,brand_12_market,308908.26
290,2020-11,region_14,brand_12_market,300144.91
291,2020-12,region_14,brand_12_market,294765.7
292,2021-01,region_14,brand_12_market,286031.06
293,2021-02,region_14,brand_12_market,287344.1
294,2021-03,region_14,brand_12_market,332327.85
295,2021-04,region_14,brand_12_market,362219.3
296,2021-05,region_14,brand_12_market,318148.17
297,2021-06,region_14,brand_12_market,308940.72
298,2021-07,region_14,brand_12_market,331005.18
299,2021-08,region_14,brand_12_market,283027.29
300,2020-01,region_15,brand_12_market,304489.16
301,2020-02,region_15,brand_12_market,288406.82
302,2020-03,region_15,brand_12_market,291202.13
303,2020-04,region_15,brand_12_market,293997.44
304,2020-05,region_15,brand_12_market,276149.83
305,2020-06,region_15,brand_12_market,300893.18
306,2020-07,region_15,brand_12_market,297920.05
307,2020-08,region_15,brand_12_market,307212.09
308,2020-09,region_15,brand_12_market,305760.13
309,2020-10,region_15,brand_12_market,304475.36
310,2020-11,region_15,brand_12_market,313626.63
311,2020-12,region_15,brand_12_market,322939.18
312,2021-01,region_15,brand_12_market,289768.26
313,2021-02,region_15,brand_12_market,285777.94
314,2021-03,region_15,brand_12_market,342249.46
315,2021-04,region_15,brand_12_market,310391.32
316,2021-05,region_15,brand_12_market,307585.48
317,2021-06,region_15,brand_12_market,324652.4
318,2021-07,region_15,brand_12_market,300280.55
319,2021-08,region_15,brand_12_market,352933.75
320,2020-01,region_16,brand_12_market,353032.09
321,2020-02,region_16,brand_12_market,340382.14
322,2020-03,region_16,brand_12_market,330532.92000000004
323,2020-04,region_16,brand_12_market,320683.7
324,2020-05,region_16,brand_12_market,303058.23
325,2020-06,region_16,brand_12_market,316917.95
326,2020-07,region_16,brand_12_market,312228.19
327,2020-08,region_16,brand_12_market,318935.0
328,2020-09,region_16,brand_12_market,342975.91
329,2020-10,region_16,brand_12_market,341928.53
330,2020-11,region_16,brand_12_market,361186.97
331,2020-12,region_16,brand_12_market,363350.76
332,2021-01,region_16,brand_12_market,310291.19
333,2021-02,region_16,brand_12_market,317774.15
334,2021-03,region_16,brand_12_market,376189.1
335,2021-04,region_16,brand_12_market,366253.1
336,2021-05,region_16,brand_12_market,349580.89
337,2021-06,region_16,brand_12_market,358257.63
338,2021-07,region_16,brand_12_market,368991.36
339,2021-08,region_16,brand_12_market,358812.3
340,2020-01,region_17,brand_12_market,354300.53
341,2020-02,region_17,brand_12_market,327709.98
342,2020-03,region_17,brand_12_market,341946.395
343,2020-04,region_17,brand_12_market,356182.81
344,2020-05,region_17,brand_12_market,325255.18
345,2020-06,region_17,brand_12_market,297528.37
346,2020-07,region_17,brand_12_market,365081.73
347,2020-08,region_17,brand_12_market,288729.27
348,2020-09,region_17,brand_12_market,315524.03
349,2020-10,region_17,brand_12_market,378284.93
350,2020-11,region_17,brand_12_market,345260.45
351,2020-12,region_17,brand_12_market,391591.37
352,2021-01,region_17,brand_12_market,323902.64
353,2021-02,region_17,brand_12_market,323346.22
354,2021-03,region_17,brand_12_market,395697.99
355,2021-04,region_17,brand_12_market,406776.42
356,2021-05,region_17,brand_12_market,346830.2
357,2021-06,region_17,brand_12_market,375519.69
358,2021-07,region_17,brand_12_market,410600.02
359,2021-08,region_17,brand_12_market,332254.34
360,2020-01,region_18,brand_12_market,253602.24
361,2020-02,region_18,brand_12_market,225822.9
362,2020-03,region_18,brand_12_market,243176.67
363,2020-04,region_18,brand_12_market,260530.44
364,2020-05,region_18,brand_12_market,241356.12
365,2020-06,region_18,brand_12_market,218659.99
366,2020-07,region_18,brand_12_market,288819.79
367,2020-08,region_18,brand_12_market,199142.55
368,2020-09,region_18,brand_12_market,240280.1
369,2020-10,region_18,brand_12_market,299130.58
370,2020-11,region_18,brand_12_market,257739.88
371,2020-12,region_18,brand_12_market,284785.27
372,2021-01,region_18,brand_12_market,242044.83
373,2021-02,region_18,brand_12_market,243478.55
374,2021-03,region_18,brand_12_market,297665.99
375,2021-04,region_18,brand_12_market,295878.83
376,2021-05,region_18,brand_12_market,263139.58
377,2021-06,region_18,brand_12_market,265261.81
378,2021-07,region_18,brand_12_market,347077.13
379,2021-08,region_18,brand_12_market,247113.47
380,2020-01,region_19,brand_12_market,621882.8
381,2020-02,region_19,brand_12_market,594257.38
382,2020-03,region_19,brand_12_market,605543.655
383,2020-04,region_19,brand_12_market,616829.93
384,2020-05,region_19,brand_12_market,531914.42
385,2020-06,region_19,brand_12_market,567601.66
386,2020-07,region_19,brand_12_market,580401.41
387,2020-08,region_19,brand_12_market,519338.02
388,2020-09,region_19,brand_12_market,567325.78
389,2020-10,region_19,brand_12_market,655406.71
390,2020-11,region_19,brand_12_market,645087.95
391,2020-12,region_19,brand_12_market,596425.8
392,2021-01,region_19,brand_12_market,623648.7
393,2021-02,region_19,brand_12_market,599360.62
394,2021-03,region_19,brand_12_market,689591.82
395,2021-04,region_19,brand_12_market,696260.93
396,2021-05,region_19,brand_12_market,631665.16
397,2021-06,region_19,brand_12_market,644426.24
398,2021-07,region_19,brand_12_market,630430.79
399,2021-08,region_19,brand_12_market,609860.47
400,2020-01,region_20,brand_12_market,299265.31
401,2020-02,region_20,brand_12_market,276678.67
402,2020-03,region_20,brand_12_market,277991.26
403,2020-04,region_20,brand_12_market,279303.85
404,2020-05,region_20,brand_12_market,261289.25
405,2020-06,region_20,brand_12_market,274194.17
406,2020-07,region_20,brand_12_market,254380.79
407,2020-08,region_20,brand_12_market,265972.83
408,2020-09,region_20,brand_12_market,260687.55
409,2020-10,region_20,brand_12_market,279858.14
410,2020-11,region_20,brand_12_market,287176.12
411,2020-12,region_20,brand_12_market,303619.93
412,2021-01,region_20,brand_12_market,265763.99
413,2021-02,region_20,brand_12_market,261567.99
414,2021-03,region_20,brand_12_market,302940.98
415,2021-04,region_20,brand_12_market,309847.82
416,2021-05,region_20,brand_12_market,273253.84
417,2021-06,region_20,brand_12_market,331338.99
418,2021-07,region_20,brand_12_market,326488.53
419,2021-08,region_20,brand_12_market,321402.51
420,2020-01,region_21,brand_12_market,300205.02
421,2020-02,region_21,brand_12_market,268957.57
422,2020-03,region_21,brand_12_market,290548.83
423,2020-04,region_21,brand_12_market,312140.09
424,2020-05,region_21,brand_12_market,273943.29
425,2020-06,region_21,brand_12_market,282018.59
426,2020-07,region_21,brand_12_market,287114.79
427,2020-08,region_21,brand_12_market,280138.81
428,2020-09,region_21,brand_12_market,280035.7
429,2020-10,region_21,brand_12_market,306382.44
430,2020-11,region_21,brand_12_market,317237.71
431,2020-12,region_21,brand_12_market,308396.25
432,2021-01,region_21,brand_12_market,287674.01
433,2021-02,region_21,brand_12_market,310432.53
434,2021-03,region_21,brand_12_market,352401.64
435,2021-04,region_21,brand_12_market,385096.81
436,2021-05,region_21,brand_12_market,339448.38
437,2021-06,region_21,brand_12_market,341838.2
438,2021-07,region_21,brand_12_market,346462.54
439,2021-08,region_21,brand_12_market,313232.22
440,2020-01,region_22,brand_12_market,319363.41
441,2020-02,region_22,brand_12_market,285819.59
442,2020-03,region_22,brand_12_market,291031.51
443,2020-04,region_22,brand_12_market,296243.43
444,2020-05,region_22,brand_12_market,278282.62
445,2020-06,region_22,brand_12_market,272855.26
446,2020-07,region_22,brand_12_market,291943.55
447,2020-08,region_22,brand_12_market,289608.69
448,2020-09,region_22,brand_12_market,293727.15
449,2020-10,region_22,brand_12_market,324253.23
450,2020-11,region_22,brand_12_market,326262.92
451,2020-12,region_22,brand_12_market,333463.43
452,2021-01,region_22,brand_12_market,305854.75
453,2021-02,region_22,brand_12_market,296900.76
454,2021-03,region_22,brand_12_market,359308.74
455,2021-04,region_22,brand_12_market,354522.32
456,2021-05,region_22,brand_12_market,318627.2
457,2021-06,region_22,brand_12_market,335571.37
458,2021-07,region_22,brand_12_market,333394.85
459,2021-08,region_22,brand_12_market,311874.02
460,2020-01,region_23,brand_12_market,452315.7
461,2020-02,region_23,brand_12_market,420169.49
462,2020-03,region_23,brand_12_market,430283.45
463,2020-04,region_23,brand_12_market,440397.41
464,2020-05,region_23,brand_12_market,424063.81
465,2020-06,region_23,brand_12_market,451947.2
466,2020-07,region_23,brand_12_market,476524.07
467,2020-08,region_23,brand_12_market,363038.94
468,2020-09,region_23,brand_12_market,468156.73
469,2020-10,region_23,brand_12_market,448279.84
470,2020-11,region_23,brand_12_market,489672.33
471,2020-12,region_23,brand_12_market,492028.27
472,2021-01,region_23,brand_12_market,429342.27
473,2021-02,region_23,brand_12_market,423856.52
474,2021-03,region_23,brand_12_market,525532.01
475,2021-04,region_23,brand_12_market,509785.88
476,2021-05,region_23,brand_12_market,454402.83
477,2021-06,region_23,brand_12_market,509115.76
478,2021-07,region_23,brand_12_market,557967.24
479,2021-08,region_23,brand_12_market,398524.88
480,2020-01,region_24,brand_12_market,424447.1
481,2020-02,region_24,brand_12_market,400954.04
482,2020-03,region_24,brand_12_market,403603.22
483,2020-04,region_24,brand_12_market,406252.4
484,2020-05,region_24,brand_12_market,386856.87
485,2020-06,region_24,brand_12_market,414129.7
486,2020-07,region_24,brand_12_market,437493.59
487,2020-08,region_24,brand_12_market,362011.2
488,2020-09,region_24,brand_12_market,440203.62
489,2020-10,region_24,brand_12_market,433654.87
490,2020-11,region_24,brand_12_market,444046.15
491,2020-12,region_24,brand_12_market,466316.79
492,2021-01,region_24,brand_12_market,392555.09
493,2021-02,region_24,brand_12_market,408750.05
494,2021-03,region_24,brand_12_market,495188.73
495,2021-04,region_24,brand_12_market,474802.8
496,2021-05,region_24,brand_12_market,448373.11
497,2021-06,region_24,brand_12_market,494161.79
498,2021-07,region_24,brand_12_market,515200.7
499,2021-08,region_24,brand_12_market,414687.52
500,2020-01,region_25,brand_12_market,279586.65
501,2020-02,region_25,brand_12_market,260433.4
502,2020-03,region_25,brand_12_market,260038.955
503,2020-04,region_25,brand_12_market,259644.51
504,2020-05,region_25,brand_12_market,245331.51
505,2020-06,region_25,brand_12_market,259942.41
506,2020-07,region_25,brand_12_market,280137.45
507,2020-08,region_25,brand_12_market,239000.02
508,2020-09,region_25,brand_12_market,287595.53
509,2020-10,region_25,brand_12_market,283908.86
510,2020-11,region_25,brand_12_market,304841.61
511,2020-12,region_25,brand_12_market,313144.68
512,2021-01,region_25,brand_12_market,251720.49
513,2021-02,region_25,brand_12_market,272891.72
514,2021-03,region_25,brand_12_market,307305.74
515,2021-04,region_25,brand_12_market,316144.3
516,2021-05,region_25,brand_12_market,275136.43
517,2021-06,region_25,brand_12_market,309022.88
518,2021-07,region_25,brand_12_market,334349.02
519,2021-08,region_25,brand_12_market,254779.32
520,2020-01,region_26,brand_12_market,215068.91
521,2020-02,region_26,brand_12_market,200788.77
522,2020-03,region_26,brand_12_market,201639.68
523,2020-04,region_26,brand_12_market,202490.59
524,2020-05,region_26,brand_12_market,188984.02
525,2020-06,region_26,brand_12_market,185156.23
526,2020-07,region_26,brand_12_market,221940.29
527,2020-08,region_26,brand_12_market,168741.54
528,2020-09,region_26,brand_12_market,184634.89
529,2020-10,region_26,brand_12_market,222137.66
530,2020-11,region_26,brand_12_market,221400.62
531,2020-12,region_26,brand_12_market,233145.23
532,2021-01,region_26,brand_12_market,194693.19
533,2021-02,region_26,brand_12_market,200122.12
534,2021-03,region_26,brand_12_market,251644.72
535,2021-04,region_26,brand_12_market,241926.84
536,2021-05,region_26,brand_12_market,220044.05
537,2021-06,region_26,brand_12_market,216482.71
538,2021-07,region_26,brand_12_market,257031.25
539,2021-08,region_26,brand_12_market,197978.7
540,2020-01,region_27,brand_12_market,270294.47
541,2020-02,region_27,brand_12_market,254829.84
542,2020-03,region_27,brand_12_market,255737.88
543,2020-04,region_27,brand_12_market,256645.92
544,2020-05,region_27,brand_12_market,248642.17
545,2020-06,region_27,brand_12_market,274010.96
546,2020-07,region_27,brand_12_market,257210.19
547,2020-08,region_27,brand_12_market,239084.75
548,2020-09,region_27,brand_12_market,273068.2
549,2020-10,region_27,brand_12_market,275989.01
550,2020-11,region_27,brand_12_market,299031.77
551,2020-12,region_27,brand_12_market,291288.7
552,2021-01,region_27,brand_12_market,277912.16
553,2021-02,region_27,brand_12_market,268176.42
554,2021-03,region_27,brand_12_market,305423.2
555,2021-04,region_27,brand_12_market,320596.9
556,2021-05,region_27,brand_12_market,286443.57
557,2021-06,region_27,brand_12_market,313824.56
558,2021-07,region_27,brand_12_market,294973.44
559,2021-08,region_27,brand_12_market,258620.86
560,2020-01,region_28,brand_12_market,220506.1
561,2020-02,region_28,brand_12_market,201574.73
562,2020-03,region_28,brand_12_market,204223.895
563,2020-04,region_28,brand_12_market,206873.06
564,2020-05,region_28,brand_12_market,195362.99
565,2020-06,region_28,brand_12_market,205891.83
566,2020-07,region_28,brand_12_market,219445.34
567,2020-08,region_28,brand_12_market,186482.08
568,2020-09,region_28,brand_12_market,221774.33
569,2020-10,region_28,brand_12_market,218277.2
570,2020-11,region_28,brand_12_market,215541.52
571,2020-12,region_28,brand_12_market,226021.53
572,2021-01,region_28,brand_12_market,211158.49
573,2021-02,region_28,brand_12_market,204784.01
574,2021-03,region_28,brand_12_market,236834.52
575,2021-04,region_28,brand_12_market,237579.35
576,2021-05,region_28,brand_12_market,208429.28
577,2021-06,region_28,brand_12_market,232379.62
578,2021-07,region_28,brand_12_market,261422.53
579,2021-08,region_28,brand_12_market,194068.94
580,2020-01,region_29,brand_12_market,222470.81
581,2020-02,region_29,brand_12_market,205844.14
582,2020-03,region_29,brand_12_market,201914.955
583,2020-04,region_29,brand_12_market,197985.77
584,2020-05,region_29,brand_12_market,192208.76
585,2020-06,region_29,brand_12_market,206372.11
586,2020-07,region_29,brand_12_market,209812.71
587,2020-08,region_29,brand_12_market,177645.13
588,2020-09,region_29,brand_12_market,226174.58
589,2020-10,region_29,brand_12_market,215141.55
590,2020-11,region_29,brand_12_market,225344.4
591,2020-12,region_29,brand_12_market,232998.9
592,2021-01,region_29,brand_12_market,207464.74
593,2021-02,region_29,brand_12_market,194166.69
594,2021-03,region_29,brand_12_market,247128.34
595,2021-04,region_29,brand_12_market,221868.01
596,2021-05,region_29,brand_12_market,214861.17
597,2021-06,region_29,brand_12_market,232837.67
598,2021-07,region_29,brand_12_market,238310.28
599,2021-08,region_29,brand_12_market,182296.4
600,2020-01,region_30,brand_12_market,286562.52
601,2020-02,region_30,brand_12_market,274107.8
602,2020-03,region_30,brand_12_market,274675.27
603,2020-04,region_30,brand_12_market,275242.74
604,2020-05,region_30,brand_12_market,271963.08
605,2020-06,region_30,brand_12_market,274839.7
606,2020-07,region_30,brand_12_market,276064.24
607,2020-08,region_30,brand_12_market,286509.74
608,2020-09,region_30,brand_12_market,278606.7
609,2020-10,region_30,brand_12_market,299620.58
610,2020-11,region_30,brand_12_market,310459.06
611,2020-12,region_30,brand_12_market,278937.81
612,2021-01,region_30,brand_12_market,278461.6
613,2021-02,region_30,brand_12_market,274253.63
614,2021-03,region_30,brand_12_market,325814.7
615,2021-04,region_30,brand_12_market,308424.8
616,2021-05,region_30,brand_12_market,296820.78
617,2021-06,region_30,brand_12_market,309057.4
618,2021-07,region_30,brand_12_market,299379.45
619,2021-08,region_30,brand_12_market,307645.52
620,2020-01,region_31,brand_12_market,208549.07
621,2020-02,region_31,brand_12_market,198614.17
622,2020-03,region_31,brand_12_market,211430.455
623,2020-04,region_31,brand_12_market,224246.74
624,2020-05,region_31,brand_12_market,187865.05
625,2020-06,region_31,brand_12_market,179706.58
626,2020-07,region_31,brand_12_market,211529.89
627,2020-08,region_31,brand_12_market,166390.79
628,2020-09,region_31,brand_12_market,189418.06
629,2020-10,region_31,brand_12_market,224577.87
630,2020-11,region_31,brand_12_market,206321.92
631,2020-12,region_31,brand_12_market,223207.17
632,2021-01,region_31,brand_12_market,187341.91
633,2021-02,region_31,brand_12_market,198115.19
634,2021-03,region_31,brand_12_market,231821.6
635,2021-04,region_31,brand_12_market,228592.09
636,2021-05,region_31,brand_12_market,215300.31
637,2021-06,region_31,brand_12_market,217169.54
638,2021-07,region_31,brand_12_market,244555.24
639,2021-08,region_31,brand_12_market,206621.16
640,2020-01,region_32,brand_12_market,290688.97
641,2020-02,region_32,brand_12_market,269482.68
642,2020-03,region_32,brand_12_market,266949.675
643,2020-04,region_32,brand_12_market,264416.67
644,2020-05,region_32,brand_12_market,249135.69
645,2020-06,region_32,brand_12_market,278987.94
646,2020-07,region_32,brand_12_market,289766.71
647,2020-08,region_32,brand_12_market,242479.66
648,2020-09,region_32,brand_12_market,308758.52
649,2020-10,region_32,brand_12_market,287486.18
650,2020-11,region_32,brand_12_market,302251.59
651,2020-12,region_32,brand_12_market,308761.29
652,2021-01,region_32,brand_12_market,267495.63
653,2021-02,region_32,brand_12_market,270964.95
654,2021-03,region_32,brand_12_market,321104.02
655,2021-04,region_32,brand_12_market,315029.71
656,2021-05,region_32,brand_12_market,283983.64
657,2021-06,region_32,brand_12_market,321892.85
658,2021-07,region_32,brand_12_market,321269.15
659,2021-08,region_32,brand_12_market,262974.63
660,2020-01,region_33,brand_12_market,383101.07
661,2020-02,region_33,brand_12_market,362944.59
662,2020-03,region_33,brand_12_market,370599.565
663,2020-04,region_33,brand_12_market,378254.54
664,2020-05,region_33,brand_12_market,332953.71
665,2020-06,region_33,brand_12_market,403548.7
666,2020-07,region_33,brand_12_market,421781.49
667,2020-08,region_33,brand_12_market,307711.84
668,2020-09,region_33,brand_12_market,403475.65
669,2020-10,region_33,brand_12_market,416757.17
670,2020-11,region_33,brand_12_market,414740.12
671,2020-12,region_33,brand_12_market,425080.88
672,2021-01,region_33,brand_12_market,368166.35
673,2021-02,region_33,brand_12_market,362312.28
674,2021-03,region_33,brand_12_market,454455.2
675,2021-04,region_33,brand_12_market,451800.67
676,2021-05,region_33,brand_12_market,355214.2
677,2021-06,region_33,brand_12_market,449116.4
678,2021-07,region_33,brand_12_market,483632.8
679,2021-08,region_33,brand_12_market,356825.75
680,2020-01,region_34,brand_12_market,421035.17
681,2020-02,region_34,brand_12_market,382495.84
682,2020-03,region_34,brand_12_market,401414.095
683,2020-04,region_34,brand_12_market,420332.35
684,2020-05,region_34,brand_12_market,395854.58
685,2020-06,region_34,brand_12_market,392601.02
686,2020-07,region_34,brand_12_market,396096.19
687,2020-08,region_34,brand_12_market,350256.24
688,2020-09,region_34,brand_12_market,403423.64
689,2020-10,region_34,brand_12_market,429087.46
690,2020-11,region_34,brand_12_market,428242.1
691,2020-12,region_34,brand_12_market,439782.73
692,2021-01,region_34,brand_12_market,400101.94
693,2021-02,region_34,brand_12_market,390239.0
694,2021-03,region_34,brand_12_market,465450.7
695,2021-04,region_34,brand_12_market,488145.15
696,2021-05,region_34,brand_12_market,420564.05
697,2021-06,region_34,brand_12_market,458591.42
698,2021-07,region_34,brand_12_market,453487.04
699,2021-08,region_34,brand_12_market,395805.8
700,2020-01,region_35,brand_12_market,374193.42
701,2020-02,region_35,brand_12_market,335333.67
702,2020-03,region_35,brand_12_market,349561.715
703,2020-04,region_35,brand_12_market,363789.76
704,2020-05,region_35,brand_12_market,343451.62
705,2020-06,region_35,brand_12_market,346935.58
706,2020-07,region_35,brand_12_market,353345.61
707,2020-08,region_35,brand_12_market,365357.31
708,2020-09,region_35,brand_12_market,378290.71
709,2020-10,region_35,brand_12_market,412473.28
710,2020-11,region_35,brand_12_market,399057.2
711,2020-12,region_35,brand_12_market,425118.12
712,2021-01,region_35,brand_12_market,389955.42
713,2021-02,region_35,brand_12_market,371524.2
714,2021-03,region_35,brand_12_market,455843.83
715,2021-04,region_35,brand_12_market,439349.2
716,2021-05,region_35,brand_12_market,409788.28
717,2021-06,region_35,brand_12_market,423618.25
718,2021-07,region_35,brand_12_market,414552.36
719,2021-08,region_35,brand_12_market,422044.04
720,2020-01,region_36,brand_12_market,234630.33
721,2020-02,region_36,brand_12_market,207801.64
722,2020-03,region_36,brand_12_market,212974.165
723,2020-04,region_36,brand_12_market,218146.69
724,2020-05,region_36,brand_12_market,206889.44
725,2020-06,region_36,brand_12_market,206783.32
726,2020-07,region_36,brand_12_market,253863.08
727,2020-08,region_36,brand_12_market,185429.26
728,2020-09,region_36,brand_12_market,218841.25
729,2020-10,region_36,brand_12_market,255326.42
730,2020-11,region_36,brand_12_market,219492.11
731,2020-12,region_36,brand_12_market,251301.72
732,2021-01,region_36,brand_12_market,221325.01
733,2021-02,region_36,brand_12_market,212957.83
734,2021-03,region_36,brand_12_market,260971.15
735,2021-04,region_36,brand_12_market,244504.49
736,2021-05,region_36,brand_12_market,205620.87
737,2021-06,region_36,brand_12_market,232562.36
738,2021-07,region_36,brand_12_market,283081.31
739,2021-08,region_36,brand_12_market,209029.21
740,2020-01,region_37,brand_12_market,228424.34
741,2020-02,region_37,brand_12_market,219489.55
742,2020-03,region_37,brand_12_market,216100.815
743,2020-04,region_37,brand_12_market,212712.08
744,2020-05,region_37,brand_12_market,197573.88
745,2020-06,region_37,brand_12_market,222850.53
746,2020-07,region_37,brand_12_market,200754.74
747,2020-08,region_37,brand_12_market,215994.81
748,2020-09,region_37,brand_12_market,217753.63
749,2020-10,region_37,brand_12_market,223887.57
750,2020-11,region_37,brand_12_market,236515.65
751,2020-12,region_37,brand_12_market,237097.91
752,2021-01,region_37,brand_12_market,223791.0
753,2021-02,region_37,brand_12_market,224104.32
754,2021-03,region_37,brand_12_market,259241.7
755,2021-04,region_37,brand_12_market,243312.36
756,2021-05,region_37,brand_12_market,233697.89
757,2021-06,region_37,brand_12_market,260611.0
758,2021-07,region_37,brand_12_market,236871.92
759,2021-08,region_37,brand_12_market,275842.55
760,2020-01,region_38,brand_12_market,293622.32
761,2020-02,region_38,brand_12_market,262090.08
762,2020-03,region_38,brand_12_market,261241.335
763,2020-04,region_38,brand_12_market,260392.59
764,2020-05,region_38,brand_12_market,254253.93
765,2020-06,region_38,brand_12_market,273054.05
766,2020-07,region_38,brand_12_market,277678.28
767,2020-08,region_38,brand_12_market,249795.29
768,2020-09,region_38,brand_12_market,297799.16
769,2020-10,region_38,brand_12_market,301388.63
770,2020-11,region_38,brand_12_market,309109.32
771,2020-12,region_38,brand_12_market,317787.98
772,2021-01,region_38,brand_12_market,276501.86
773,2021-02,region_38,brand_12_market,278884.32
774,2021-03,region_38,brand_12_market,327619.9
775,2021-04,region_38,brand_12_market,311101.29
776,2021-05,region_38,brand_12_market,280339.75
777,2021-06,region_38,brand_12_market,310165.89
778,2021-07,region_38,brand_12_market,338385.3
779,2021-08,region_38,brand_12_market,264774.21
780,2020-01,region_39,brand_12_market,363795.1
781,2020-02,region_39,brand_12_market,346562.13
782,2020-03,region_39,brand_12_market,353595.945
783,2020-04,region_39,brand_12_market,360629.76
784,2020-05,region_39,brand_12_market,343913.64
785,2020-06,region_39,brand_12_market,374887.34
786,2020-07,region_39,brand_12_market,404543.8
787,2020-08,region_39,brand_12_market,298413.85
788,2020-09,region_39,brand_12_market,382410.41
789,2020-10,region_39,brand_12_market,401872.38
790,2020-11,region_39,brand_12_market,424933.52
791,2020-12,region_39,brand_12_market,392106.79
792,2021-01,region_39,brand_12_market,386178.59
793,2021-02,region_39,brand_12_market,377450.46
794,2021-03,region_39,brand_12_market,459585.84
795,2021-04,region_39,brand_12_market,418556.51
796,2021-05,region_39,brand_12_market,416901.48
797,2021-06,region_39,brand_12_market,421915.55
798,2021-07,region_39,brand_12_market,494490.22
799,2021-08,region_39,brand_12_market,355000.33
800,2020-01,region_40,brand_12_market,304113.6
801,2020-02,region_40,brand_12_market,279516.09
802,2020-03,region_40,brand_12_market,289499.06000000006
803,2020-04,region_40,brand_12_market,299482.03
804,2020-05,region_40,brand_12_market,301284.49
805,2020-06,region_40,brand_12_market,272525.15
806,2020-07,region_40,brand_12_market,333414.98
807,2020-08,region_40,brand_12_market,206470.35
808,2020-09,region_40,brand_12_market,294986.99
809,2020-10,region_40,brand_12_market,372112.99
810,2020-11,region_40,brand_12_market,298701.86
811,2020-12,region_40,brand_12_market,346579.73
812,2021-01,region_40,brand_12_market,297298.14
813,2021-02,region_40,brand_12_market,312259.06
814,2021-03,region_40,brand_12_market,370552.55
815,2021-04,region_40,brand_12_market,348178.53
816,2021-05,region_40,brand_12_market,332338.33
817,2021-06,region_40,brand_12_market,320913.78
818,2021-07,region_40,brand_12_market,407119.34
819,2021-08,region_40,brand_12_market,257959.68
820,2020-01,region_41,brand_12_market,363077.68
821,2020-02,region_41,brand_12_market,338472.33
822,2020-03,region_41,brand_12_market,347436.30500000005
823,2020-04,region_41,brand_12_market,356400.28
824,2020-05,region_41,brand_12_market,327442.11
825,2020-06,region_41,brand_12_market,352377.78
826,2020-07,region_41,brand_12_market,360179.33
827,2020-08,region_41,brand_12_market,339129.57
828,2020-09,region_41,brand_12_market,344361.42
829,2020-10,region_41,brand_12_market,385871.32
830,2020-11,region_41,brand_12_market,358319.6
831,2020-12,region_41,brand_12_market,397256.63
832,2021-01,region_41,brand_12_market,353373.4
833,2021-02,region_41,brand_12_market,339712.88
834,2021-03,region_41,brand_12_market,404331.03
835,2021-04,region_41,brand_12_market,407148.76
836,2021-05,region_41,brand_12_market,385971.46
837,2021-06,region_41,brand_12_market,385134.38
838,2021-07,region_41,brand_12_market,398052.32
839,2021-08,region_41,brand_12_market,381786.8
840,2020-01,region_42,brand_12_market,300179.64
841,2020-02,region_42,brand_12_market,260756.81
842,2020-03,region_42,brand_12_market,282909.825
843,2020-04,region_42,brand_12_market,305062.84
844,2020-05,region_42,brand_12_market,255146.53
845,2020-06,region_42,brand_12_market,278103.38
846,2020-07,region_42,brand_12_market,279059.45
847,2020-08,region_42,brand_12_market,262343.77
848,2020-09,region_42,brand_12_market,291330.0
849,2020-10,region_42,brand_12_market,315800.71
850,2020-11,region_42,brand_12_market,291174.1
851,2020-12,region_42,brand_12_market,313396.29
852,2021-01,region_42,brand_12_market,293125.06
853,2021-02,region_42,brand_12_market,272088.5
854,2021-03,region_42,brand_12_market,322463.37
855,2021-04,region_42,brand_12_market,349122.79
856,2021-05,region_42,brand_12_market,302686.17
857,2021-06,region_42,brand_12_market,330901.56
858,2021-07,region_42,brand_12_market,331364.62
859,2021-08,region_42,brand_12_market,304340.74
860,2020-01,region_43,brand_12_market,385815.14
861,2020-02,region_43,brand_12_market,360503.27
862,2020-03,region_43,brand_12_market,372623.045
863,2020-04,region_43,brand_12_market,384742.82
864,2020-05,region_43,brand_12_market,360592.05
865,2020-06,region_43,brand_12_market,365193.05
866,2020-07,region_43,brand_12_market,372906.88
867,2020-08,region_43,brand_12_market,365923.87
868,2020-09,region_43,brand_12_market,396850.24
869,2020-10,region_43,brand_12_market,435420.68
870,2020-11,region_43,brand_12_market,425195.57
871,2020-12,region_43,brand_12_market,427783.16
872,2021-01,region_43,brand_12_market,398536.33
873,2021-02,region_43,brand_12_market,381074.33
874,2021-03,region_43,brand_12_market,456302.86
875,2021-04,region_43,brand_12_market,450296.89
876,2021-05,region_43,brand_12_market,408823.58
877,2021-06,region_43,brand_12_market,451881.87
878,2021-07,region_43,brand_12_market,419062.45
879,2021-08,region_43,brand_12_market,421752.7
880,2020-01,region_44,brand_12_market,456896.06
881,2020-02,region_44,brand_12_market,422334.16
882,2020-03,region_44,brand_12_market,417350.26
883,2020-04,region_44,brand_12_market,412366.36
884,2020-05,region_44,brand_12_market,399268.6
885,2020-06,region_44,brand_12_market,437810.98
886,2020-07,region_44,brand_12_market,438161.06
887,2020-08,region_44,brand_12_market,422228.42
888,2020-09,region_44,brand_12_market,461418.6
889,2020-10,region_44,brand_12_market,463411.4
890,2020-11,region_44,brand_12_market,487790.72
891,2020-12,region_44,brand_12_market,495548.55
892,2021-01,region_44,brand_12_market,442656.17
893,2021-02,region_44,brand_12_market,444923.8
894,2021-03,region_44,brand_12_market,511821.47
895,2021-04,region_44,brand_12_market,472748.35
896,2021-05,region_44,brand_12_market,451554.51
897,2021-06,region_44,brand_12_market,493229.18
898,2021-07,region_44,brand_12_market,446880.65
899,2021-08,region_44,brand_12_market,520922.15
900,2020-01,region_45,brand_12_market,425163.8
901,2020-02,region_45,brand_12_market,374266.05
902,2020-03,region_45,brand_12_market,406427.28
903,2020-04,region_45,brand_12_market,438588.51
904,2020-05,region_45,brand_12_market,368462.85
905,2020-06,region_45,brand_12_market,413919.87
906,2020-07,region_45,brand_12_market,411876.98
907,2020-08,region_45,brand_12_market,368167.66
908,2020-09,region_45,brand_12_market,417163.54
909,2020-10,region_45,brand_12_market,436195.54
910,2020-11,region_45,brand_12_market,440396.08
911,2020-12,region_45,brand_12_market,421219.69
912,2021-01,region_45,brand_12_market,434387.98
913,2021-02,region_45,brand_12_market,407378.15
914,2021-03,region_45,brand_12_market,489685.87
915,2021-04,region_45,brand_12_market,479689.68
916,2021-05,region_45,brand_12_market,413998.81
917,2021-06,region_45,brand_12_market,476015.67
918,2021-07,region_45,brand_12_market,442564.46
919,2021-08,region_45,brand_12_market,422048.86
920,2020-01,region_46,brand_12_market,171108.02
921,2020-02,region_46,brand_12_market,155022.62
922,2020-03,region_46,brand_12_market,160141.8
923,2020-04,region_46,brand_12_market,165260.98
924,2020-05,region_46,brand_12_market,135351.81
925,2020-06,region_46,brand_12_market,141826.45
926,2020-07,region_46,brand_12_market,142890.88
927,2020-08,region_46,brand_12_market,133245.64
928,2020-09,region_46,brand_12_market,137561.43
929,2020-10,region_46,brand_12_market,163466.96
930,2020-11,region_46,brand_12_market,155871.45
931,2020-12,region_46,brand_12_market,153911.49
932,2021-01,region_46,brand_12_market,143876.25
933,2021-02,region_46,brand_12_market,153808.32
934,2021-03,region_46,brand_12_market,169321.51
935,2021-04,region_46,brand_12_market,170932.73
936,2021-05,region_46,brand_12_market,164015.84
937,2021-06,region_46,brand_12_market,150054.42
938,2021-07,region_46,brand_12_market,171866.67
939,2021-08,region_46,brand_12_market,136499.13
940,2020-01,region_47,brand_12_market,217028.44
941,2020-02,region_47,brand_12_market,211717.07
942,2020-03,region_47,brand_12_market,215288.15
943,2020-04,region_47,brand_12_market,218859.23
944,2020-05,region_47,brand_12_market,192137.68
945,2020-06,region_47,brand_12_market,198656.46
946,2020-07,region_47,brand_12_market,227430.24
947,2020-08,region_47,brand_12_market,183304.78
948,2020-09,region_47,brand_12_market,205908.72
949,2020-10,region_47,brand_12_market,241630.12
950,2020-11,region_47,brand_12_market,219387.43
951,2020-12,region_47,brand_12_market,241516.96
952,2021-01,region_47,brand_12_market,211863.77
953,2021-02,region_47,brand_12_market,214702.16
954,2021-03,region_47,brand_12_market,259647.01
955,2021-04,region_47,brand_12_market,275589.88
956,2021-05,region_47,brand_12_market,223152.82
957,2021-06,region_47,brand_12_market,244410.3
958,2021-07,region_47,brand_12_market,269966.7
959,2021-08,region_47,brand_12_market,222019.59
960,2020-01,region_48,brand_12_market,358565.56
961,2020-02,region_48,brand_12_market,335654.94
962,2020-03,region_48,brand_12_market,338721.265
963,2020-04,region_48,brand_12_market,341787.59
964,2020-05,region_48,brand_12_market,338959.91
965,2020-06,region_48,brand_12_market,327517.42
966,2020-07,region_48,brand_12_market,389759.62
967,2020-08,region_48,brand_12_market,264910.05
968,2020-09,region_48,brand_12_market,353603.79
969,2020-10,region_48,brand_12_market,413277.76
970,2020-11,region_48,brand_12_market,353422.34
971,2020-12,region_48,brand_12_market,405583.03
972,2021-01,region_48,brand_12_market,342917.78
973,2021-02,region_48,brand_12_market,343421.5
974,2021-03,region_48,brand_12_market,410881.21
975,2021-04,region_48,brand_12_market,397578.81
976,2021-05,region_48,brand_12_market,356740.57
977,2021-06,region_48,brand_12_market,372584.95
978,2021-07,region_48,brand_12_market,430484.6
979,2021-08,region_48,brand_12_market,334004.51
980,2020-01,region_49,brand_12_market,420763.73
981,2020-02,region_49,brand_12_market,395452.56
982,2020-03,region_49,brand_12_market,403578.86
983,2020-04,region_49,brand_12_market,411705.16
984,2020-05,region_49,brand_12_market,375174.02
985,2020-06,region_49,brand_12_market,391233.49
986,2020-07,region_49,brand_12_market,402673.11
987,2020-08,region_49,brand_12_market,373884.4
988,2020-09,region_49,brand_12_market,418066.96
989,2020-10,region_49,brand_12_market,430581.4
990,2020-11,region_49,brand_12_market,416675.34
991,2020-12,region_49,brand_12_market,443816.61
992,2021-01,region_49,brand_12_market,407990.58
993,2021-02,region_49,brand_12_market,400885.34
994,2021-03,region_49,brand_12_market,464669.18
995,2021-04,region_49,brand_12_market,442068.84
996,2021-05,region_49,brand_12_market,407779.48
997,2021-06,region_49,brand_12_market,416885.91
998,2021-07,region_49,brand_12_market,463972.56
999,2021-08,region_49,brand_12_market,391750.28
1000,2020-01,region_50,brand_12_market,276888.38
1001,2020-02,region_50,brand_12_market,249909.78
1002,2020-03,region_50,brand_12_market,264145.775
1003,2020-04,region_50,brand_12_market,278381.77
1004,2020-05,region_50,brand_12_market,245144.73
1005,2020-06,region_50,brand_12_market,266920.18
1006,2020-07,region_50,brand_12_market,276355.11
1007,2020-08,region_50,brand_12_market,244232.18
1008,2020-09,region_50,brand_12_market,266265.33
1009,2020-10,region_50,brand_12_market,274195.13
1010,2020-11,region_50,brand_12_market,282142.42
1011,2020-12,region_50,brand_12_market,274127.95
1012,2021-01,region_50,brand_12_market,252464.72
1013,2021-02,region_50,brand_12_market,254073.08
1014,2021-03,region_50,brand_12_market,309052.23
1015,2021-04,region_50,brand_12_market,299919.92
1016,2021-05,region_50,brand_12_market,274051.53
1017,2021-06,region_50,brand_12_market,294562.88
1018,2021-07,region_50,brand_12_market,338985.38
1019,2021-08,region_50,brand_12_market,262093.32
1020,2020-01,region_51,brand_12_market,223890.54
1021,2020-02,region_51,brand_12_market,190404.26
1022,2020-03,region_51,brand_12_market,208043.025
1023,2020-04,region_51,brand_12_market,225681.79
1024,2020-05,region_51,brand_12_market,206294.98
1025,2020-06,region_51,brand_12_market,221478.28
1026,2020-07,region_51,brand_12_market,222804.01
1027,2020-08,region_51,brand_12_market,192950.54
1028,2020-09,region_51,brand_12_market,226721.92
1029,2020-10,region_51,brand_12_market,244118.08
1030,2020-11,region_51,brand_12_market,238659.57
1031,2020-12,region_51,brand_12_market,225380.09
1032,2021-01,region_51,brand_12_market,228525.76
1033,2021-02,region_51,brand_12_market,206158.18
1034,2021-03,region_51,brand_12_market,262635.5
1035,2021-04,region_51,brand_12_market,262755.32
1036,2021-05,region_51,brand_12_market,246764.99
1037,2021-06,region_51,brand_12_market,257944.54
1038,2021-07,region_51,brand_12_market,282491.05
1039,2021-08,region_51,brand_12_market,206104.3
1040,2020-01,region_52,brand_12_market,384036.45
1041,2020-02,region_52,brand_12_market,389138.72
1042,2020-03,region_52,brand_12_market,371392.985
1043,2020-04,region_52,brand_12_market,353647.25
1044,2020-05,region_52,brand_12_market,357839.24
1045,2020-06,region_52,brand_12_market,364297.19
1046,2020-07,region_52,brand_12_market,355912.58
1047,2020-08,region_52,brand_12_market,341619.32
1048,2020-09,region_52,brand_12_market,401081.11
1049,2020-10,region_52,brand_12_market,389678.73
1050,2020-11,region_52,brand_12_market,420468.45
1051,2020-12,region_52,brand_12_market,420801.02
1052,2021-01,region_52,brand_12_market,352275.75
1053,2021-02,region_52,brand_12_market,400100.01
1054,2021-03,region_52,brand_12_market,464331.1
1055,2021-04,region_52,brand_12_market,400209.31
1056,2021-05,region_52,brand_12_market,415198.76
1057,2021-06,region_52,brand_12_market,411638.65
1058,2021-07,region_52,brand_12_market,426481.52
1059,2021-08,region_52,brand_12_market,363327.32
1060,2020-01,region_53,brand_12_market,243178.77
1061,2020-02,region_53,brand_12_market,220172.98
1062,2020-03,region_53,brand_12_market,236255.77
1063,2020-04,region_53,brand_12_market,252338.56
1064,2020-05,region_53,brand_12_market,207187.44
1065,2020-06,region_53,brand_12_market,205927.16
1066,2020-07,region_53,brand_12_market,253536.13
1067,2020-08,region_53,brand_12_market,175366.59
1068,2020-09,region_53,brand_12_market,197077.7
1069,2020-10,region_53,brand_12_market,256604.38
1070,2020-11,region_53,brand_12_market,215513.89
1071,2020-12,region_53,brand_12_market,251864.65
1072,2021-01,region_53,brand_12_market,212279.47
1073,2021-02,region_53,brand_12_market,210538.06
1074,2021-03,region_53,brand_12_market,253306.45
1075,2021-04,region_53,brand_12_market,276150.78
1076,2021-05,region_53,brand_12_market,225799.22
1077,2021-06,region_53,brand_12_market,254563.84
1078,2021-07,region_53,brand_12_market,273263.85
1079,2021-08,region_53,brand_12_market,206265.24
1080,2020-01,region_54,brand_12_market,306415.7
1081,2020-02,region_54,brand_12_market,247818.87
1082,2020-03,region_54,brand_12_market,273529.65
1083,2020-04,region_54,brand_12_market,299240.43
1084,2020-05,region_54,brand_12_market,264869.26
1085,2020-06,region_54,brand_12_market,294856.93
1086,2020-07,region_54,brand_12_market,320312.96
1087,2020-08,region_54,brand_12_market,217974.37
1088,2020-09,region_54,brand_12_market,298535.31
1089,2020-10,region_54,brand_12_market,307311.16
1090,2020-11,region_54,brand_12_market,320182.18
1091,2020-12,region_54,brand_12_market,296839.99
1092,2021-01,region_54,brand_12_market,301295.85
1093,2021-02,region_54,brand_12_market,247077.8
1094,2021-03,region_54,brand_12_market,326575.47
1095,2021-04,region_54,brand_12_market,314328.24
1096,2021-05,region_54,brand_12_market,287230.42
1097,2021-06,region_54,brand_12_market,311552.34
1098,2021-07,region_54,brand_12_market,351910.07
1099,2021-08,region_54,brand_12_market,239392.06
1100,2020-01,region_55,brand_12_market,292005.37
1101,2020-02,region_55,brand_12_market,288404.52
1102,2020-03,region_55,brand_12_market,280402.64
1103,2020-04,region_55,brand_12_market,272400.76
1104,2020-05,region_55,brand_12_market,271640.68
1105,2020-06,region_55,brand_12_market,294087.71
1106,2020-07,region_55,brand_12_market,299831.05
1107,2020-08,region_55,brand_12_market,254656.09
1108,2020-09,region_55,brand_12_market,310529.86
1109,2020-10,region_55,brand_12_market,306755.94
1110,2020-11,region_55,brand_12_market,318661.66
1111,2020-12,region_55,brand_12_market,326495.91
1112,2021-01,region_55,brand_12_market,276506.79
1113,2021-02,region_55,brand_12_market,274391.61
1114,2021-03,region_55,brand_12_market,350162.52
1115,2021-04,region_55,brand_12_market,327617.74
1116,2021-05,region_55,brand_12_market,308036.29
1117,2021-06,region_55,brand_12_market,328710.72
1118,2021-07,region_55,brand_12_market,360796.26
1119,2021-08,region_55,brand_12_market,275249.02
1120,2020-01,region_56,brand_12_market,244339.92
1121,2020-02,region_56,brand_12_market,230135.35
1122,2020-03,region_56,brand_12_market,237867.495
1123,2020-04,region_56,brand_12_market,245599.64
1124,2020-05,region_56,brand_12_market,211846.08
1125,2020-06,region_56,brand_12_market,224475.3
1126,2020-07,region_56,brand_12_market,218842.94
1127,2020-08,region_56,brand_12_market,224864.51
1128,2020-09,region_56,brand_12_market,233832.39
1129,2020-10,region_56,brand_12_market,258652.51
1130,2020-11,region_56,brand_12_market,242527.48
1131,2020-12,region_56,brand_12_market,261385.67
1132,2021-01,region_56,brand_12_market,225975.12
1133,2021-02,region_56,brand_12_market,225719.72
1134,2021-03,region_56,brand_12_market,249603.65
1135,2021-04,region_56,brand_12_market,273094.89
1136,2021-05,region_56,brand_12_market,235900.59
1137,2021-06,region_56,brand_12_market,254544.03
1138,2021-07,region_56,brand_12_market,254044.85
1139,2021-08,region_56,brand_12_market,250005.73
1140,2020-01,region_57,brand_12_market,297371.28
1141,2020-02,region_57,brand_12_market,236284.66
1142,2020-03,region_57,brand_12_market,253314.17
1143,2020-04,region_57,brand_12_market,270343.68
1144,2020-05,region_57,brand_12_market,250489.5
1145,2020-06,region_57,brand_12_market,276662.33
1146,2020-07,region_57,brand_12_market,311188.56
1147,2020-08,region_57,brand_12_market,209611.43
1148,2020-09,region_57,brand_12_market,277208.49
1149,2020-10,region_57,brand_12_market,297938.35
1150,2020-11,region_57,brand_12_market,305047.07
1151,2020-12,region_57,brand_12_market,292048.9
1152,2021-01,region_57,brand_12_market,286707.41
1153,2021-02,region_57,brand_12_market,249934.03
1154,2021-03,region_57,brand_12_market,324799.93
1155,2021-04,region_57,brand_12_market,305999.52
1156,2021-05,region_57,brand_12_market,276095.67
1157,2021-06,region_57,brand_12_market,317983.54
1158,2021-07,region_57,brand_12_market,348929.52
1159,2021-08,region_57,brand_12_market,244475.2
1160,2020-01,region_58,brand_12_market,169074.91
1161,2020-02,region_58,brand_12_market,155196.03
1162,2020-03,region_58,brand_12_market,170151.79499999998
1163,2020-04,region_58,brand_12_market,185107.56
1164,2020-05,region_58,brand_12_market,155987.27
1165,2020-06,region_58,brand_12_market,151777.67
1166,2020-07,region_58,brand_12_market,167736.22
1167,2020-08,region_58,brand_12_market,145464.06
1168,2020-09,region_58,brand_12_market,154682.7
1169,2020-10,region_58,brand_12_market,172591.43
1170,2020-11,region_58,brand_12_market,160327.25
1171,2020-12,region_58,brand_12_market,173418.86
1172,2021-01,region_58,brand_12_market,167514.92
1173,2021-02,region_58,brand_12_market,159174.13
1174,2021-03,region_58,brand_12_market,178631.6
1175,2021-04,region_58,brand_12_market,204092.05
1176,2021-05,region_58,brand_12_market,159587.22
1177,2021-06,region_58,brand_12_market,176412.81
1178,2021-07,region_58,brand_12_market,185569.69
1179,2021-08,region_58,brand_12_market,149160.0
1180,2020-01,region_59,brand_12_market,323525.34
1181,2020-02,region_59,brand_12_market,315283.67
1182,2020-03,region_59,brand_12_market,318480.06
1183,2020-04,region_59,brand_12_market,321676.45
1184,2020-05,region_59,brand_12_market,287825.34
1185,2020-06,region_59,brand_12_market,310831.38
1186,2020-07,region_59,brand_12_market,296052.99
1187,2020-08,region_59,brand_12_market,310711.05
1188,2020-09,region_59,brand_12_market,306825.98
1189,2020-10,region_59,brand_12_market,327825.35
1190,2020-11,region_59,brand_12_market,325718.04
1191,2020-12,region_59,brand_12_market,320527.74
1192,2021-01,region_59,brand_12_market,304464.74
1193,2021-02,region_59,brand_12_market,303543.29
1194,2021-03,region_59,brand_12_market,349654.79
1195,2021-04,region_59,brand_12_market,369990.77
1196,2021-05,region_59,brand_12_market,327000.03
1197,2021-06,region_59,brand_12_market,362099.26
1198,2021-07,region_59,brand_12_market,323931.1
1199,2021-08,region_59,brand_12_market,365755.37
1200,2020-01,region_60,brand_12_market,241363.33
1201,2020-02,region_60,brand_12_market,230351.13
1202,2020-03,region_60,brand_12_market,232406.84
1203,2020-04,region_60,brand_12_market,234462.55
1204,2020-05,region_60,brand_12_market,209390.7
1205,2020-06,region_60,brand_12_market,226247.49
1206,2020-07,region_60,brand_12_market,232052.64
1207,2020-08,region_60,brand_12_market,233500.92
1208,2020-09,region_60,brand_12_market,229503.29
1209,2020-10,region_60,brand_12_market,259224.51
1210,2020-11,region_60,brand_12_market,264706.08
1211,2020-12,region_60,brand_12_market,262176.96
1212,2021-01,region_60,brand_12_market,242795.97
1213,2021-02,region_60,brand_12_market,248614.68
1214,2021-03,region_60,brand_12_market,276327.06
1215,2021-04,region_60,brand_12_market,305410.49
1216,2021-05,region_60,brand_12_market,271760.13
1217,2021-06,region_60,brand_12_market,282171.37
1218,2021-07,region_60,brand_12_market,254318.32
1219,2021-08,region_60,brand_12_market,271018.99
1220,2020-01,region_61,brand_12_market,365225.06
1221,2020-02,region_61,brand_12_market,356071.22
1222,2020-03,region_61,brand_12_market,363299.325
1223,2020-04,region_61,brand_12_market,370527.43
1224,2020-05,region_61,brand_12_market,319255.36
1225,2020-06,region_61,brand_12_market,352125.5
1226,2020-07,region_61,brand_12_market,334190.71
1227,2020-08,region_61,brand_12_market,334482.97
1228,2020-09,region_61,brand_12_market,343218.31
1229,2020-10,region_61,brand_12_market,369929.75
1230,2020-11,region_61,brand_12_market,387291.32
1231,2020-12,region_61,brand_12_market,379822.27
1232,2021-01,region_61,brand_12_market,362986.7
1233,2021-02,region_61,brand_12_market,375608.35
1234,2021-03,region_61,brand_12_market,397658.33
1235,2021-04,region_61,brand_12_market,435618.26
1236,2021-05,region_61,brand_12_market,375239.33
1237,2021-06,region_61,brand_12_market,410631.61
1238,2021-07,region_61,brand_12_market,354469.4
1239,2021-08,region_61,brand_12_market,381890.24
1240,2020-01,region_62,brand_12_market,360885.66
1241,2020-02,region_62,brand_12_market,323523.71
1242,2020-03,region_62,brand_12_market,340910.355
1243,2020-04,region_62,brand_12_market,358297.0
1244,2020-05,region_62,brand_12_market,319573.98
1245,2020-06,region_62,brand_12_market,322607.39
1246,2020-07,region_62,brand_12_market,350099.62
1247,2020-08,region_62,brand_12_market,307039.16
1248,2020-09,region_62,brand_12_market,317157.24
1249,2020-10,region_62,brand_12_market,361577.95
1250,2020-11,region_62,brand_12_market,343491.45
1251,2020-12,region_62,brand_12_market,357019.46
1252,2021-01,region_62,brand_12_market,342088.44
1253,2021-02,region_62,brand_12_market,326997.81
1254,2021-03,region_62,brand_12_market,375223.95
1255,2021-04,region_62,brand_12_market,394845.56
1256,2021-05,region_62,brand_12_market,341356.24
1257,2021-06,region_62,brand_12_market,375127.07
1258,2021-07,region_62,brand_12_market,387321.86
1259,2021-08,region_62,brand_12_market,355953.95
1260,2020-01,region_63,brand_12_market,450718.67
1261,2020-02,region_63,brand_12_market,432439.19
1262,2020-03,region_63,brand_12_market,443929.925
1263,2020-04,region_63,brand_12_market,455420.66
1264,2020-05,region_63,brand_12_market,390281.38
1265,2020-06,region_63,brand_12_market,440561.86
1266,2020-07,region_63,brand_12_market,420345.85
1267,2020-08,region_63,brand_12_market,431250.74
1268,2020-09,region_63,brand_12_market,441082.06
1269,2020-10,region_63,brand_12_market,498170.92
1270,2020-11,region_63,brand_12_market,483561.31
1271,2020-12,region_63,brand_12_market,505820.72
1272,2021-01,region_63,brand_12_market,483617.7
1273,2021-02,region_63,brand_12_market,460465.39
1274,2021-03,region_63,brand_12_market,523512.8
1275,2021-04,region_63,brand_12_market,521748.19
1276,2021-05,region_63,brand_12_market,470996.69
1277,2021-06,region_63,brand_12_market,498407.09
1278,2021-07,region_63,brand_12_market,471296.5
1279,2021-08,region_63,brand_12_market,496062.56
1280,2020-01,region_64,brand_12_market,218274.13
1281,2020-02,region_64,brand_12_market,213100.28
1282,2020-03,region_64,brand_12_market,217716.265
1283,2020-04,region_64,brand_12_market,222332.25
1284,2020-05,region_64,brand_12_market,207737.82
1285,2020-06,region_64,brand_12_market,225445.54
1286,2020-07,region_64,brand_12_market,231966.81
1287,2020-08,region_64,brand_12_market,193832.51
1288,2020-09,region_64,brand_12_market,221111.16
1289,2020-10,region_64,brand_12_market,242360.68
1290,2020-11,region_64,brand_12_market,248971.38
1291,2020-12,region_64,brand_12_market,276947.34
1292,2021-01,region_64,brand_12_market,221384.62
1293,2021-02,region_64,brand_12_market,218894.97
1294,2021-03,region_64,brand_12_market,273250.97
1295,2021-04,region_64,brand_12_market,269585.38
1296,2021-05,region_64,brand_12_market,234636.19
1297,2021-06,region_64,brand_12_market,268830.88
1298,2021-07,region_64,brand_12_market,294144.12
1299,2021-08,region_64,brand_12_market,216282.94
1300,2020-01,region_65,brand_12_market,231202.65
1301,2020-02,region_65,brand_12_market,216464.28
1302,2020-03,region_65,brand_12_market,223579.475
1303,2020-04,region_65,brand_12_market,230694.67
1304,2020-05,region_65,brand_12_market,214371.83
1305,2020-06,region_65,brand_12_market,203321.79
1306,2020-07,region_65,brand_12_market,224058.1
1307,2020-08,region_65,brand_12_market,201177.95
1308,2020-09,region_65,brand_12_market,215777.87
1309,2020-10,region_65,brand_12_market,238361.23
1310,2020-11,region_65,brand_12_market,226113.14
1311,2020-12,region_65,brand_12_market,235894.82
1312,2021-01,region_65,brand_12_market,221475.83
1313,2021-02,region_65,brand_12_market,203562.82
1314,2021-03,region_65,brand_12_market,248914.18
1315,2021-04,region_65,brand_12_market,252299.68
1316,2021-05,region_65,brand_12_market,219885.16
1317,2021-06,region_65,brand_12_market,235968.95
1318,2021-07,region_65,brand_12_market,246782.51
1319,2021-08,region_65,brand_12_market,220415.58
1320,2020-01,region_66,brand_12_market,288920.58
1321,2020-02,region_66,brand_12_market,260060.03
1322,2020-03,region_66,brand_12_market,280543.06
1323,2020-04,region_66,brand_12_market,301026.09
1324,2020-05,region_66,brand_12_market,263230.58
1325,2020-06,region_66,brand_12_market,266233.48
1326,2020-07,region_66,brand_12_market,290061.32
1327,2020-08,region_66,brand_12_market,256112.14
1328,2020-09,region_66,brand_12_market,271937.64
1329,2020-10,region_66,brand_12_market,314592.5
1330,2020-11,region_66,brand_12_market,302599.74
1331,2020-12,region_66,brand_12_market,282884.86
1332,2021-01,region_66,brand_12_market,299705.08
1333,2021-02,region_66,brand_12_market,289353.4
1334,2021-03,region_66,brand_12_market,333956.49
1335,2021-04,region_66,brand_12_market,336900.41
1336,2021-05,region_66,brand_12_market,303746.36
1337,2021-06,region_66,brand_12_market,299253.03
1338,2021-07,region_66,brand_12_market,334885.43
1339,2021-08,region_66,brand_12_market,279474.89
1340,2020-01,region_67,brand_12_market,253346.02
1341,2020-02,region_67,brand_12_market,246216.46
1342,2020-03,region_67,brand_12_market,245900.46
1343,2020-04,region_67,brand_12_market,245584.46
1344,2020-05,region_67,brand_12_market,230532.52
1345,2020-06,region_67,brand_12_market,240575.66
1346,2020-07,region_67,brand_12_market,259027.08
1347,2020-08,region_67,brand_12_market,210242.38
1348,2020-09,region_67,brand_12_market,247877.33
1349,2020-10,region_67,brand_12_market,256855.24
1350,2020-11,region_67,brand_12_market,270962.19
1351,2020-12,region_67,brand_12_market,265713.96
1352,2021-01,region_67,brand_12_market,234356.99
1353,2021-02,region_67,brand_12_market,217407.14
1354,2021-03,region_67,brand_12_market,281165.72
1355,2021-04,region_67,brand_12_market,272360.06
1356,2021-05,region_67,brand_12_market,252266.62
1357,2021-06,region_67,brand_12_market,265230.72
1358,2021-07,region_67,brand_12_market,305874.89
1359,2021-08,region_67,brand_12_market,230007.48
1360,2020-01,region_68,brand_12_market,315898.89
1361,2020-02,region_68,brand_12_market,316076.83
1362,2020-03,region_68,brand_12_market,326624.765
1363,2020-04,region_68,brand_12_market,337172.7
1364,2020-05,region_68,brand_12_market,302097.57
1365,2020-06,region_68,brand_12_market,303931.8
1366,2020-07,region_68,brand_12_market,312057.03
1367,2020-08,region_68,brand_12_market,296675.04
1368,2020-09,region_68,brand_12_market,296311.57
1369,2020-10,region_68,brand_12_market,329945.27
1370,2020-11,region_68,brand_12_market,330118.29
1371,2020-12,region_68,brand_12_market,355599.62
1372,2021-01,region_68,brand_12_market,312895.67
1373,2021-02,region_68,brand_12_market,299715.75
1374,2021-03,region_68,brand_12_market,362155.85
1375,2021-04,region_68,brand_12_market,380268.1
1376,2021-05,region_68,brand_12_market,313724.0
1377,2021-06,region_68,brand_12_market,354191.33
1378,2021-07,region_68,brand_12_market,345247.09
1379,2021-08,region_68,brand_12_market,327254.61
1380,2020-01,region_69,brand_12_market,356310.35
1381,2020-02,region_69,brand_12_market,368558.49
1382,2020-03,region_69,brand_12_market,366199.625
1383,2020-04,region_69,brand_12_market,363840.76
1384,2020-05,region_69,brand_12_market,331916.91
1385,2020-06,region_69,brand_12_market,313602.0
1386,2020-07,region_69,brand_12_market,381417.56
1387,2020-08,region_69,brand_12_market,284394.6
1388,2020-09,region_69,brand_12_market,331647.8
1389,2020-10,region_69,brand_12_market,396807.32
1390,2020-11,region_69,brand_12_market,376156.29
1391,2020-12,region_69,brand_12_market,397137.99
1392,2021-01,region_69,brand_12_market,336050.15
1393,2021-02,region_69,brand_12_market,351435.49
1394,2021-03,region_69,brand_12_market,401138.04
1395,2021-04,region_69,brand_12_market,435190.47
1396,2021-05,region_69,brand_12_market,362722.2
1397,2021-06,region_69,brand_12_market,383044.79
1398,2021-07,region_69,brand_12_market,457830.76
1399,2021-08,region_69,brand_12_market,326458.28
1400,2020-01,region_70,brand_12_market,317199.79
1401,2020-02,region_70,brand_12_market,301454.14
1402,2020-03,region_70,brand_12_market,311820.93
1403,2020-04,region_70,brand_12_market,322187.72
1404,2020-05,region_70,brand_12_market,287512.76
1405,2020-06,region_70,brand_12_market,267067.09
1406,2020-07,region_70,brand_12_market,340346.4
1407,2020-08,region_70,brand_12_market,238121.19
1408,2020-09,region_70,brand_12_market,272637.11
1409,2020-10,region_70,brand_12_market,334259.54
1410,2020-11,region_70,brand_12_market,327740.02
1411,2020-12,region_70,brand_12_market,335256.04
1412,2021-01,region_70,brand_12_market,288222.88
1413,2021-02,region_70,brand_12_market,312980.71
1414,2021-03,region_70,brand_12_market,372262.53
1415,2021-04,region_70,brand_12_market,366568.43
1416,2021-05,region_70,brand_12_market,328783.99
1417,2021-06,region_70,brand_12_market,330934.54
1418,2021-07,region_70,brand_12_market,406582.44
1419,2021-08,region_70,brand_12_market,278510.64
1420,2020-01,region_71,brand_12_market,450238.95
1421,2020-02,region_71,brand_12_market,436308.85
1422,2020-03,region_71,brand_12_market,437101.5
1423,2020-04,region_71,brand_12_market,437894.15
1424,2020-05,region_71,brand_12_market,405818.78
1425,2020-06,region_71,brand_12_market,390567.63
1426,2020-07,region_71,brand_12_market,430542.1
1427,2020-08,region_71,brand_12_market,411334.81
1428,2020-09,region_71,brand_12_market,417194.34
1429,2020-10,region_71,brand_12_market,497885.83
1430,2020-11,region_71,brand_12_market,479669.3
1431,2020-12,region_71,brand_12_market,470319.71
1432,2021-01,region_71,brand_12_market,483904.56
1433,2021-02,region_71,brand_12_market,466397.78
1434,2021-03,region_71,brand_12_market,549171.01
1435,2021-04,region_71,brand_12_market,570207.56
1436,2021-05,region_71,brand_12_market,537064.7
1437,2021-06,region_71,brand_12_market,539946.95
1438,2021-07,region_71,brand_12_market,605782.53
1439,2021-08,region_71,brand_12_market,537471.37
1440,2020-01,region_72,brand_12_market,221439.11
1441,2020-02,region_72,brand_12_market,211872.23
1442,2020-03,region_72,brand_12_market,223174.375
1443,2020-04,region_72,brand_12_market,234476.52
1444,2020-05,region_72,brand_12_market,193617.46
1445,2020-06,region_72,brand_12_market,191091.03
1446,2020-07,region_72,brand_12_market,236148.49
1447,2020-08,region_72,brand_12_market,165912.8
1448,2020-09,region_72,brand_12_market,209213.6
1449,2020-10,region_72,brand_12_market,248196.42
1450,2020-11,region_72,brand_12_market,203300.78
1451,2020-12,region_72,brand_12_market,227374.2
1452,2021-01,region_72,brand_12_market,201317.14
1453,2021-02,region_72,brand_12_market,193817.5
1454,2021-03,region_72,brand_12_market,223538.68
1455,2021-04,region_72,brand_12_market,233998.29
1456,2021-05,region_72,brand_12_market,207722.77
1457,2021-06,region_72,brand_12_market,207159.92
1458,2021-07,region_72,brand_12_market,260874.06
1459,2021-08,region_72,brand_12_market,193242.76
1460,2020-01,region_73,brand_12_market,296533.34
1461,2020-02,region_73,brand_12_market,273337.56
1462,2020-03,region_73,brand_12_market,277326.49
1463,2020-04,region_73,brand_12_market,281315.42
1464,2020-05,region_73,brand_12_market,261149.36
1465,2020-06,region_73,brand_12_market,281318.95
1466,2020-07,region_73,brand_12_market,317849.36
1467,2020-08,region_73,brand_12_market,244872.69
1468,2020-09,region_73,brand_12_market,294990.16
1469,2020-10,region_73,brand_12_market,311311.45
1470,2020-11,region_73,brand_12_market,305622.15
1471,2020-12,region_73,brand_12_market,287472.82
1472,2021-01,region_73,brand_12_market,298295.14
1473,2021-02,region_73,brand_12_market,263790.42
1474,2021-03,region_73,brand_12_market,324042.06
1475,2021-04,region_73,brand_12_market,302447.42
1476,2021-05,region_73,brand_12_market,270514.16
1477,2021-06,region_73,brand_12_market,304441.25
1478,2021-07,region_73,brand_12_market,360898.75
1479,2021-08,region_73,brand_12_market,248158.37
1480,2020-01,region_74,brand_12_market,257428.52
1481,2020-02,region_74,brand_12_market,221472.95
1482,2020-03,region_74,brand_12_market,230600.645
1483,2020-04,region_74,brand_12_market,239728.34
1484,2020-05,region_74,brand_12_market,229362.55
1485,2020-06,region_74,brand_12_market,235125.87
1486,2020-07,region_74,brand_12_market,253684.7
1487,2020-08,region_74,brand_12_market,223379.73
1488,2020-09,region_74,brand_12_market,254437.43
1489,2020-10,region_74,brand_12_market,262072.04
1490,2020-11,region_74,brand_12_market,248795.51
1491,2020-12,region_74,brand_12_market,272219.35
1492,2021-01,region_74,brand_12_market,247676.35
1493,2021-02,region_74,brand_12_market,256282.55
1494,2021-03,region_74,brand_12_market,275998.43
1495,2021-04,region_74,brand_12_market,290519.5
1496,2021-05,region_74,brand_12_market,257283.48
1497,2021-06,region_74,brand_12_market,281644.82
1498,2021-07,region_74,brand_12_market,294527.71
1499,2021-08,region_74,brand_12_market,247094.37
1500,2020-01,region_75,brand_12_market,336095.8
1501,2020-02,region_75,brand_12_market,312844.37
1502,2020-03,region_75,brand_12_market,320928.16500000004
1503,2020-04,region_75,brand_12_market,329011.96
1504,2020-05,region_75,brand_12_market,317313.12
1505,2020-06,region_75,brand_12_market,284856.25
1506,2020-07,region_75,brand_12_market,352011.99
1507,2020-08,region_75,brand_12_market,253128.38
1508,2020-09,region_75,brand_12_market,275147.93
1509,2020-10,region_75,brand_12_market,361810.67
1510,2020-11,region_75,brand_12_market,338268.51
1511,2020-12,region_75,brand_12_market,357433.24
1512,2021-01,region_75,brand_12_market,300384.74
1513,2021-02,region_75,brand_12_market,317478.81
1514,2021-03,region_75,brand_12_market,371676.77
1515,2021-04,region_75,brand_12_market,391385.21
1516,2021-05,region_75,brand_12_market,330424.88
1517,2021-06,region_75,brand_12_market,359823.41
1518,2021-07,region_75,brand_12_market,401604.88
1519,2021-08,region_75,brand_12_market,297535.78
1520,2020-01,region_76,brand_12_market,245736.48
1521,2020-02,region_76,brand_12_market,227230.62
1522,2020-03,region_76,brand_12_market,228360.64
1523,2020-04,region_76,brand_12_market,229490.66
1524,2020-05,region_76,brand_12_market,220941.3
1525,2020-06,region_76,brand_12_market,223508.59
1526,2020-07,region_76,brand_12_market,256439.68
1527,2020-08,region_76,brand_12_market,210396.14
1528,2020-09,region_76,brand_12_market,229018.26
1529,2020-10,region_76,brand_12_market,268892.88
1530,2020-11,region_76,brand_12_market,246152.18
1531,2020-12,region_76,brand_12_market,269922.78
1532,2021-01,region_76,brand_12_market,242338.74
1533,2021-02,region_76,brand_12_market,231850.15
1534,2021-03,region_76,brand_12_market,281258.69
1535,2021-04,region_76,brand_12_market,275657.9
1536,2021-05,region_76,brand_12_market,261002.61
1537,2021-06,region_76,brand_12_market,264812.15
1538,2021-07,region_76,brand_12_market,309973.81
1539,2021-08,region_76,brand_12_market,260402.34
1540,2020-01,region_77,brand_12_market,238241.85
1541,2020-02,region_77,brand_12_market,216387.8
1542,2020-03,region_77,brand_12_market,222014.795
1543,2020-04,region_77,brand_12_market,227641.79
1544,2020-05,region_77,brand_12_market,216814.74
1545,2020-06,region_77,brand_12_market,225995.85
1546,2020-07,region_77,brand_12_market,225440.55
1547,2020-08,region_77,brand_12_market,220785.65
1548,2020-09,region_77,brand_12_market,231898.16
1549,2020-10,region_77,brand_12_market,244261.58
1550,2020-11,region_77,brand_12_market,241543.26
1551,2020-12,region_77,brand_12_market,253492.16
1552,2021-01,region_77,brand_12_market,230753.7
1553,2021-02,region_77,brand_12_market,218931.43
1554,2021-03,region_77,brand_12_market,269549.07
1555,2021-04,region_77,brand_12_market,265572.64
1556,2021-05,region_77,brand_12_market,244466.73
1557,2021-06,region_77,brand_12_market,255947.29
1558,2021-07,region_77,brand_12_market,266823.49
1559,2021-08,region_77,brand_12_market,238630.52
1560,2020-01,region_78,brand_12_market,526544.93
1561,2020-02,region_78,brand_12_market,476204.16
1562,2020-03,region_78,brand_12_market,512192.955
1563,2020-04,region_78,brand_12_market,548181.75
1564,2020-05,region_78,brand_12_market,461655.85
1565,2020-06,region_78,brand_12_market,474824.35
1566,2020-07,region_78,brand_12_market,497160.29
1567,2020-08,region_78,brand_12_market,469772.55
1568,2020-09,region_78,brand_12_market,469846.83
1569,2020-10,region_78,brand_12_market,548304.72
1570,2020-11,region_78,brand_12_market,531623.43
1571,2020-12,region_78,brand_12_market,552551.88
1572,2021-01,region_78,brand_12_market,496346.13
1573,2021-02,region_78,brand_12_market,505472.08
1574,2021-03,region_78,brand_12_market,610421.0
1575,2021-04,region_78,brand_12_market,643769.66
1576,2021-05,region_78,brand_12_market,551008.48
1577,2021-06,region_78,brand_12_market,563120.31
1578,2021-07,region_78,brand_12_market,580299.99
1579,2021-08,region_78,brand_12_market,520321.99
1580,2020-01,region_79,brand_12_market,242783.93
1581,2020-02,region_79,brand_12_market,214176.11
1582,2020-03,region_79,brand_12_market,227182.92
1583,2020-04,region_79,brand_12_market,240189.73
1584,2020-05,region_79,brand_12_market,219589.5
1585,2020-06,region_79,brand_12_market,217217.0
1586,2020-07,region_79,brand_12_market,242591.9
1587,2020-08,region_79,brand_12_market,205120.39
1588,2020-09,region_79,brand_12_market,219449.22
1589,2020-10,region_79,brand_12_market,254451.79
1590,2020-11,region_79,brand_12_market,260865.55
1591,2020-12,region_79,brand_12_market,252924.89
1592,2021-01,region_79,brand_12_market,217384.87
1593,2021-02,region_79,brand_12_market,232318.71
1594,2021-03,region_79,brand_12_market,264273.36
1595,2021-04,region_79,brand_12_market,266876.75
1596,2021-05,region_79,brand_12_market,239846.02
1597,2021-06,region_79,brand_12_market,253225.68
1598,2021-07,region_79,brand_12_market,270630.69
1599,2021-08,region_79,brand_12_market,218803.28
1600,2020-01,region_80,brand_12_market,325072.48
1601,2020-02,region_80,brand_12_market,299949.99
1602,2020-03,region_80,brand_12_market,313040.105
1603,2020-04,region_80,brand_12_market,326130.22
1604,2020-05,region_80,brand_12_market,304130.7
1605,2020-06,region_80,brand_12_market,294105.19
1606,2020-07,region_80,brand_12_market,306667.25
1607,2020-08,region_80,brand_12_market,304472.89
1608,2020-09,region_80,brand_12_market,301921.4
1609,2020-10,region_80,brand_12_market,369902.22
1610,2020-11,region_80,brand_12_market,332525.1
1611,2020-12,region_80,brand_12_market,359333.04
1612,2021-01,region_80,brand_12_market,346118.73
1613,2021-02,region_80,brand_12_market,336018.83
1614,2021-03,region_80,brand_12_market,387019.85
1615,2021-04,region_80,brand_12_market,406409.85
1616,2021-05,region_80,brand_12_market,355043.45
1617,2021-06,region_80,brand_12_market,376315.46
1618,2021-07,region_80,brand_12_market,390855.47
1619,2021-08,region_80,brand_12_market,367081.35
1620,2020-01,region_81,brand_12_market,177928.23
1621,2020-02,region_81,brand_12_market,172581.92
1622,2020-03,region_81,brand_12_market,175093.065
1623,2020-04,region_81,brand_12_market,177604.21
1624,2020-05,region_81,brand_12_market,162961.29
1625,2020-06,region_81,brand_12_market,159063.14
1626,2020-07,region_81,brand_12_market,184921.35
1627,2020-08,region_81,brand_12_market,144696.8
1628,2020-09,region_81,brand_12_market,154367.76
1629,2020-10,region_81,brand_12_market,177377.23
1630,2020-11,region_81,brand_12_market,176477.85
1631,2020-12,region_81,brand_12_market,201702.32
1632,2021-01,region_81,brand_12_market,162968.45
1633,2021-02,region_81,brand_12_market,153369.12
1634,2021-03,region_81,brand_12_market,193581.98
1635,2021-04,region_81,brand_12_market,199282.21
1636,2021-05,region_81,brand_12_market,165551.24
1637,2021-06,region_81,brand_12_market,186551.3
1638,2021-07,region_81,brand_12_market,194041.04
1639,2021-08,region_81,brand_12_market,167729.04
1640,2020-01,region_82,brand_12_market,190417.38
1641,2020-02,region_82,brand_12_market,169764.18
1642,2020-03,region_82,brand_12_market,176299.945
1643,2020-04,region_82,brand_12_market,182835.71
1644,2020-05,region_82,brand_12_market,165681.43
1645,2020-06,region_82,brand_12_market,165996.63
1646,2020-07,region_82,brand_12_market,199708.12
1647,2020-08,region_82,brand_12_market,144552.92
1648,2020-09,region_82,brand_12_market,181146.47
1649,2020-10,region_82,brand_12_market,205515.02
1650,2020-11,region_82,brand_12_market,176078.26
1651,2020-12,region_82,brand_12_market,206182.25
1652,2021-01,region_82,brand_12_market,184042.38
1653,2021-02,region_82,brand_12_market,173060.38
1654,2021-03,region_82,brand_12_market,211903.4
1655,2021-04,region_82,brand_12_market,210455.88
1656,2021-05,region_82,brand_12_market,184015.25
1657,2021-06,region_82,brand_12_market,196207.16
1658,2021-07,region_82,brand_12_market,204657.94
1659,2021-08,region_82,brand_12_market,168260.21
1660,2020-01,region_83,brand_12_market,307336.42
1661,2020-02,region_83,brand_12_market,276420.83
1662,2020-03,region_83,brand_12_market,306913.15
1663,2020-04,region_83,brand_12_market,337405.47
1664,2020-05,region_83,brand_12_market,280518.43
1665,2020-06,region_83,brand_12_market,287722.3
1666,2020-07,region_83,brand_12_market,340612.76
1667,2020-08,region_83,brand_12_market,224912.65
1668,2020-09,region_83,brand_12_market,280361.86
1669,2020-10,region_83,brand_12_market,336771.89
1670,2020-11,region_83,brand_12_market,308149.71
1671,2020-12,region_83,brand_12_market,304687.72
1672,2021-01,region_83,brand_12_market,295149.72
1673,2021-02,region_83,brand_12_market,262422.17
1674,2021-03,region_83,brand_12_market,335323.52
1675,2021-04,region_83,brand_12_market,339750.44
1676,2021-05,region_83,brand_12_market,309433.73
1677,2021-06,region_83,brand_12_market,305566.41
1678,2021-07,region_83,brand_12_market,387521.89
1679,2021-08,region_83,brand_12_market,245234.36
1680,2020-01,region_84,brand_12_market,244376.2
1681,2020-02,region_84,brand_12_market,228556.98
1682,2020-03,region_84,brand_12_market,241848.08
1683,2020-04,region_84,brand_12_market,255139.18
1684,2020-05,region_84,brand_12_market,216966.95
1685,2020-06,region_84,brand_12_market,220294.52
1686,2020-07,region_84,brand_12_market,226997.56
1687,2020-08,region_84,brand_12_market,211763.11
1688,2020-09,region_84,brand_12_market,230436.27
1689,2020-10,region_84,brand_12_market,254075.1
1690,2020-11,region_84,brand_12_market,243703.46
1691,2020-12,region_84,brand_12_market,263678.88
1692,2021-01,region_84,brand_12_market,231032.69
1693,2021-02,region_84,brand_12_market,233655.35
1694,2021-03,region_84,brand_12_market,282197.86
1695,2021-04,region_84,brand_12_market,284832.36
1696,2021-05,region_84,brand_12_market,237391.86
1697,2021-06,region_84,brand_12_market,252336.19
1698,2021-07,region_84,brand_12_market,250766.46
1699,2021-08,region_84,brand_12_market,238495.92
1700,2020-01,region_85,brand_12_market,240721.68
1701,2020-02,region_85,brand_12_market,216141.74
1702,2020-03,region_85,brand_12_market,222586.645
1703,2020-04,region_85,brand_12_market,229031.55
1704,2020-05,region_85,brand_12_market,215877.39
1705,2020-06,region_85,brand_12_market,211925.08
1706,2020-07,region_85,brand_12_market,260535.33
1707,2020-08,region_85,brand_12_market,191556.29
1708,2020-09,region_85,brand_12_market,227417.46
1709,2020-10,region_85,brand_12_market,250950.94
1710,2020-11,region_85,brand_12_market,221843.14
1711,2020-12,region_85,brand_12_market,257256.63
1712,2021-01,region_85,brand_12_market,222257.72
1713,2021-02,region_85,brand_12_market,222659.08
1714,2021-03,region_85,brand_12_market,258610.17
1715,2021-04,region_85,brand_12_market,268151.7
1716,2021-05,region_85,brand_12_market,232466.07
1717,2021-06,region_85,brand_12_market,253037.52
1718,2021-07,region_85,brand_12_market,292401.79
1719,2021-08,region_85,brand_12_market,225475.87
1720,2020-01,region_86,brand_12_market,453868.11
1721,2020-02,region_86,brand_12_market,436243.86
1722,2020-03,region_86,brand_12_market,426746.64
1723,2020-04,region_86,brand_12_market,417249.42
1724,2020-05,region_86,brand_12_market,396777.45
1725,2020-06,region_86,brand_12_market,416118.96
1726,2020-07,region_86,brand_12_market,422299.67
1727,2020-08,region_86,brand_12_market,377331.89
1728,2020-09,region_86,brand_12_market,458367.64
1729,2020-10,region_86,brand_12_market,462887.84
1730,2020-11,region_86,brand_12_market,471470.07
1731,2020-12,region_86,brand_12_market,472136.44
1732,2021-01,region_86,brand_12_market,400208.22
1733,2021-02,region_86,brand_12_market,398422.05
1734,2021-03,region_86,brand_12_market,481393.0
1735,2021-04,region_86,brand_12_market,461330.42
1736,2021-05,region_86,brand_12_market,437342.04
1737,2021-06,region_86,brand_12_market,500790.89
1738,2021-07,region_86,brand_12_market,534291.57
1739,2021-08,region_86,brand_12_market,419707.29
1740,2020-01,region_87,brand_12_market,300943.04
1741,2020-02,region_87,brand_12_market,282785.24
1742,2020-03,region_87,brand_12_market,301499.445
1743,2020-04,region_87,brand_12_market,320213.65
1744,2020-05,region_87,brand_12_market,273528.5
1745,2020-06,region_87,brand_12_market,258874.69
1746,2020-07,region_87,brand_12_market,335049.49
1747,2020-08,region_87,brand_12_market,230921.17
1748,2020-09,region_87,brand_12_market,259549.43
1749,2020-10,region_87,brand_12_market,320724.13
1750,2020-11,region_87,brand_12_market,293943.78
1751,2020-12,region_87,brand_12_market,324287.57
1752,2021-01,region_87,brand_12_market,286700.38
1753,2021-02,region_87,brand_12_market,284843.38
1754,2021-03,region_87,brand_12_market,339509.4
1755,2021-04,region_87,brand_12_market,386387.23
1756,2021-05,region_87,brand_12_market,294996.96
1757,2021-06,region_87,brand_12_market,313513.86
1758,2021-07,region_87,brand_12_market,366831.25
1759,2021-08,region_87,brand_12_market,255895.04
1760,2020-01,region_88,brand_12_market,365413.15
1761,2020-02,region_88,brand_12_market,330283.51
1762,2020-03,region_88,brand_12_market,347271.555
1763,2020-04,region_88,brand_12_market,364259.6
1764,2020-05,region_88,brand_12_market,313018.92
1765,2020-06,region_88,brand_12_market,324575.21
1766,2020-07,region_88,brand_12_market,341855.44
1767,2020-08,region_88,brand_12_market,296866.28
1768,2020-09,region_88,brand_12_market,340296.96
1769,2020-10,region_88,brand_12_market,373748.7
1770,2020-11,region_88,brand_12_market,354258.28
1771,2020-12,region_88,brand_12_market,369529.79
1772,2021-01,region_88,brand_12_market,349850.22
1773,2021-02,region_88,brand_12_market,323087.63
1774,2021-03,region_88,brand_12_market,388846.56
1775,2021-04,region_88,brand_12_market,424025.79
1776,2021-05,region_88,brand_12_market,342743.74
1777,2021-06,region_88,brand_12_market,359511.04
1778,2021-07,region_88,brand_12_market,406883.41
1779,2021-08,region_88,brand_12_market,328055.19
1780,2020-01,region_89,brand_12_market,284724.67
1781,2020-02,region_89,brand_12_market,271166.96
1782,2020-03,region_89,brand_12_market,269830.92000000004
1783,2020-04,region_89,brand_12_market,268494.88
1784,2020-05,region_89,brand_12_market,259033.13
1785,2020-06,region_89,brand_12_market,275804.46
1786,2020-07,region_89,brand_12_market,257280.26
1787,2020-08,region_89,brand_12_market,259260.42
1788,2020-09,region_89,brand_12_market,276968.16
1789,2020-10,region_89,brand_12_market,294114.16
1790,2020-11,region_89,brand_12_market,293621.25
1791,2020-12,region_89,brand_12_market,326980.18
1792,2021-01,region_89,brand_12_market,287077.63
1793,2021-02,region_89,brand_12_market,265839.46
1794,2021-03,region_89,brand_12_market,322769.98
1795,2021-04,region_89,brand_12_market,317154.03
1796,2021-05,region_89,brand_12_market,283370.12
1797,2021-06,region_89,brand_12_market,314003.62
1798,2021-07,region_89,brand_12_market,318692.08
1799,2021-08,region_89,brand_12_market,292522.27
1800,2020-01,region_90,brand_12_market,390448.73
1801,2020-02,region_90,brand_12_market,376855.56
1802,2020-03,region_90,brand_12_market,366118.125
1803,2020-04,region_90,brand_12_market,355380.69
1804,2020-05,region_90,brand_12_market,346864.97
1805,2020-06,region_90,brand_12_market,388414.99
1806,2020-07,region_90,brand_12_market,354310.79
1807,2020-08,region_90,brand_12_market,366636.72
1808,2020-09,region_90,brand_12_market,386265.04
1809,2020-10,region_90,brand_12_market,405655.11
1810,2020-11,region_90,brand_12_market,418190.42
1811,2020-12,region_90,brand_12_market,422587.35
1812,2021-01,region_90,brand_12_market,379363.28
1813,2021-02,region_90,brand_12_market,400188.99
1814,2021-03,region_90,brand_12_market,449363.66
1815,2021-04,region_90,brand_12_market,432171.26
1816,2021-05,region_90,brand_12_market,417414.37
1817,2021-06,region_90,brand_12_market,443570.36
1818,2021-07,region_90,brand_12_market,379571.09
1819,2021-08,region_90,brand_12_market,440347.34
1820,2020-01,region_91,brand_12_market,275391.98
1821,2020-02,region_91,brand_12_market,262253.26
1822,2020-03,region_91,brand_12_market,259829.28
1823,2020-04,region_91,brand_12_market,257405.3
1824,2020-05,region_91,brand_12_market,246159.23
1825,2020-06,region_91,brand_12_market,267012.51
1826,2020-07,region_91,brand_12_market,270201.22
1827,2020-08,region_91,brand_12_market,219574.62
1828,2020-09,region_91,brand_12_market,291592.06
1829,2020-10,region_91,brand_12_market,282356.19
1830,2020-11,region_91,brand_12_market,301242.22
1831,2020-12,region_91,brand_12_market,298139.32
1832,2021-01,region_91,brand_12_market,265809.0
1833,2021-02,region_91,brand_12_market,259833.78
1834,2021-03,region_91,brand_12_market,305834.27
1835,2021-04,region_91,brand_12_market,308755.48
1836,2021-05,region_91,brand_12_market,271321.55
1837,2021-06,region_91,brand_12_market,288190.33
1838,2021-07,region_91,brand_12_market,325739.62
1839,2021-08,region_91,brand_12_market,256750.21
1840,2020-01,region_92,brand_12_market,372152.08
1841,2020-02,region_92,brand_12_market,316940.63
1842,2020-03,region_92,brand_12_market,337908.645
1843,2020-04,region_92,brand_12_market,358876.66
1844,2020-05,region_92,brand_12_market,307498.42
1845,2020-06,region_92,brand_12_market,328934.96
1846,2020-07,region_92,brand_12_market,326295.94
1847,2020-08,region_92,brand_12_market,334798.97
1848,2020-09,region_92,brand_12_market,333389.3
1849,2020-10,region_92,brand_12_market,366780.4
1850,2020-11,region_92,brand_12_market,351786.34
1851,2020-12,region_92,brand_12_market,365172.25
1852,2021-01,region_92,brand_12_market,338032.91
1853,2021-02,region_92,brand_12_market,307245.3
1854,2021-03,region_92,brand_12_market,369111.19
1855,2021-04,region_92,brand_12_market,379751.45
1856,2021-05,region_92,brand_12_market,328607.75
1857,2021-06,region_92,brand_12_market,365852.19
1858,2021-07,region_92,brand_12_market,348405.83
1859,2021-08,region_92,brand_12_market,330565.04
1860,2020-01,region_93,brand_12_market,191362.21
1861,2020-02,region_93,brand_12_market,181676.27
1862,2020-03,region_93,brand_12_market,197534.005
1863,2020-04,region_93,brand_12_market,213391.74
1864,2020-05,region_93,brand_12_market,174290.09
1865,2020-06,region_93,brand_12_market,162082.27
1866,2020-07,region_93,brand_12_market,197852.0
1867,2020-08,region_93,brand_12_market,145322.83
1868,2020-09,region_93,brand_12_market,170827.29
1869,2020-10,region_93,brand_12_market,209267.21
1870,2020-11,region_93,brand_12_market,184059.04
1871,2020-12,region_93,brand_12_market,203124.83
1872,2021-01,region_93,brand_12_market,179996.85
1873,2021-02,region_93,brand_12_market,177428.15
1874,2021-03,region_93,brand_12_market,209000.19
1875,2021-04,region_93,brand_12_market,212221.11
1876,2021-05,region_93,brand_12_market,199506.14
1877,2021-06,region_93,brand_12_market,190474.82
1878,2021-07,region_93,brand_12_market,227614.42
1879,2021-08,region_93,brand_12_market,175123.94
1880,2020-01,region_94,brand_12_market,437505.21
1881,2020-02,region_94,brand_12_market,404368.36
1882,2020-03,region_94,brand_12_market,425833.49
1883,2020-04,region_94,brand_12_market,447298.62
1884,2020-05,region_94,brand_12_market,406415.3
1885,2020-06,region_94,brand_12_market,480402.71
1886,2020-07,region_94,brand_12_market,494078.09
1887,2020-08,region_94,brand_12_market,367974.71
1888,2020-09,region_94,brand_12_market,502343.88
1889,2020-10,region_94,brand_12_market,488751.82
1890,2020-11,region_94,brand_12_market,496140.06
1891,2020-12,region_94,brand_12_market,522369.08
1892,2021-01,region_94,brand_12_market,441963.58
1893,2021-02,region_94,brand_12_market,447742.1
1894,2021-03,region_94,brand_12_market,559409.08
1895,2021-04,region_94,brand_12_market,529237.98
1896,2021-05,region_94,brand_12_market,443669.99
1897,2021-06,region_94,brand_12_market,573336.53
1898,2021-07,region_94,brand_12_market,579698.92
1899,2021-08,region_94,brand_12_market,411357.7
1900,2020-01,region_95,brand_12_market,261511.08
1901,2020-02,region_95,brand_12_market,227366.36
1902,2020-03,region_95,brand_12_market,247819.78
1903,2020-04,region_95,brand_12_market,268273.2
1904,2020-05,region_95,brand_12_market,233806.05
1905,2020-06,region_95,brand_12_market,222306.12
1906,2020-07,region_95,brand_12_market,277214.25
1907,2020-08,region_95,brand_12_market,206774.28
1908,2020-09,region_95,brand_12_market,253958.98
1909,2020-10,region_95,brand_12_market,287999.4
1910,2020-11,region_95,brand_12_market,266531.7
1911,2020-12,region_95,brand_12_market,292729.95
1912,2021-01,region_95,brand_12_market,255050.36
1913,2021-02,region_95,brand_12_market,254656.08
1914,2021-03,region_95,brand_12_market,298974.94
1915,2021-04,region_95,brand_12_market,320830.17
1916,2021-05,region_95,brand_12_market,274666.76
1917,2021-06,region_95,brand_12_market,281163.36
1918,2021-07,region_95,brand_12_market,315035.98
1919,2021-08,region_95,brand_12_market,255148.78
1920,2020-01,region_96,brand_12_market,274870.74
1921,2020-02,region_96,brand_12_market,221284.05
1922,2020-03,region_96,brand_12_market,258328.62
1923,2020-04,region_96,brand_12_market,295373.19
1924,2020-05,region_96,brand_12_market,255828.97
1925,2020-06,region_96,brand_12_market,294727.92
1926,2020-07,region_96,brand_12_market,316778.21
1927,2020-08,region_96,brand_12_market,251844.26
1928,2020-09,region_96,brand_12_market,293262.69
1929,2020-10,region_96,brand_12_market,315549.11
1930,2020-11,region_96,brand_12_market,315881.07
1931,2020-12,region_96,brand_12_market,302122.54
1932,2021-01,region_96,brand_12_market,292922.64
1933,2021-02,region_96,brand_12_market,251264.95
1934,2021-03,region_96,brand_12_market,348469.75
1935,2021-04,region_96,brand_12_market,339280.84
1936,2021-05,region_96,brand_12_market,303501.45
1937,2021-06,region_96,brand_12_market,335475.02
1938,2021-07,region_96,brand_12_market,379033.83
1939,2021-08,region_96,brand_12_market,250941.79
1940,2020-01,region_97,brand_12_market,246053.34
1941,2020-02,region_97,brand_12_market,208986.44
1942,2020-03,region_97,brand_12_market,211217.515
1943,2020-04,region_97,brand_12_market,213448.59
1944,2020-05,region_97,brand_12_market,217541.83
1945,2020-06,region_97,brand_12_market,229083.41
1946,2020-07,region_97,brand_12_market,252372.45
1947,2020-08,region_97,brand_12_market,183553.9
1948,2020-09,region_97,brand_12_market,251712.63
1949,2020-10,region_97,brand_12_market,246744.94
1950,2020-11,region_97,brand_12_market,262761.98
1951,2020-12,region_97,brand_12_market,249107.42
1952,2021-01,region_97,brand_12_market,246309.98
1953,2021-02,region_97,brand_12_market,222962.94
1954,2021-03,region_97,brand_12_market,290656.7
1955,2021-04,region_97,brand_12_market,270418.44
1956,2021-05,region_97,brand_12_market,247526.36
1957,2021-06,region_97,brand_12_market,271322.8
1958,2021-07,region_97,brand_12_market,299617.55
1959,2021-08,region_97,brand_12_market,205521.48
1960,2020-01,region_98,brand_12_market,262168.13
1961,2020-02,region_98,brand_12_market,233059.78
1962,2020-03,region_98,brand_12_market,249885.58
1963,2020-04,region_98,brand_12_market,266711.38
1964,2020-05,region_98,brand_12_market,229450.98
1965,2020-06,region_98,brand_12_market,241335.08
1966,2020-07,region_98,brand_12_market,273515.15
1967,2020-08,region_98,brand_12_market,213369.44
1968,2020-09,region_98,brand_12_market,244953.09
1969,2020-10,region_98,brand_12_market,287439.77
1970,2020-11,region_98,brand_12_market,270773.57
1971,2020-12,region_98,brand_12_market,293629.4
1972,2021-01,region_98,brand_12_market,246751.66
1973,2021-02,region_98,brand_12_market,243093.01
1974,2021-03,region_98,brand_12_market,295102.3
1975,2021-04,region_98,brand_12_market,295109.05
1976,2021-05,region_98,brand_12_market,260976.08
1977,2021-06,region_98,brand_12_market,286166.42
1978,2021-07,region_98,brand_12_market,297412.3
1979,2021-08,region_98,brand_12_market,247013.29
1980,2020-01,region_99,brand_12_market,285312.66
1981,2020-02,region_99,brand_12_market,234112.14
1982,2020-03,region_99,brand_12_market,248362.585
1983,2020-04,region_99,brand_12_market,262613.03
1984,2020-05,region_99,brand_12_market,258598.31
1985,2020-06,region_99,brand_12_market,253743.06
1986,2020-07,region_99,brand_12_market,255847.39
1987,2020-08,region_99,brand_12_market,270799.45
1988,2020-09,region_99,brand_12_market,256863.01
1989,2020-10,region_99,brand_12_market,286957.67
1990,2020-11,region_99,brand_12_market,286888.76
1991,2020-12,region_99,brand_12_market,290923.36
1992,2021-01,region_99,brand_12_market,276025.47
1993,2021-02,region_99,brand_12_market,262776.91
1994,2021-03,region_99,brand_12_market,313864.19
1995,2021-04,region_99,brand_12_market,313016.71
1996,2021-05,region_99,brand_12_market,290113.52
1997,2021-06,region_99,brand_12_market,293183.9
1998,2021-07,region_99,brand_12_market,286953.99
1999,2021-08,region_99,brand_12_market,283535.62
2000,2020-01,region_100,brand_12_market,279250.64
2001,2020-02,region_100,brand_12_market,242943.28
2002,2020-03,region_100,brand_12_market,258149.125
2003,2020-04,region_100,brand_12_market,273354.97
2004,2020-05,region_100,brand_12_market,233000.1
2005,2020-06,region_100,brand_12_market,246469.78
2006,2020-07,region_100,brand_12_market,248715.38
2007,2020-08,region_100,brand_12_market,227835.46
2008,2020-09,region_100,brand_12_market,241771.85
2009,2020-10,region_100,brand_12_market,269839.79
2010,2020-11,region_100,brand_12_market,260412.15
2011,2020-12,region_100,brand_12_market,282467.04
2012,2021-01,region_100,brand_12_market,250810.98
2013,2021-02,region_100,brand_12_market,237687.18
2014,2021-03,region_100,brand_12_market,293205.98
2015,2021-04,region_100,brand_12_market,291747.7
2016,2021-05,region_100,brand_12_market,245651.71
2017,2021-06,region_100,brand_12_market,265519.76
2018,2021-07,region_100,brand_12_market,285246.2
2019,2021-08,region_100,brand_12_market,252768.2
2020,2020-01,region_101,brand_12_market,195541.09
2021,2020-02,region_101,brand_12_market,186386.71
2022,2020-03,region_101,brand_12_market,193321.725
2023,2020-04,region_101,brand_12_market,200256.74
2024,2020-05,region_101,brand_12_market,175157.95
2025,2020-06,region_101,brand_12_market,176799.62
2026,2020-07,region_101,brand_12_market,203676.77
2027,2020-08,region_101,brand_12_market,147402.51
2028,2020-09,region_101,brand_12_market,163535.47
2029,2020-10,region_101,brand_12_market,204003.78
2030,2020-11,region_101,brand_12_market,184683.2
2031,2020-12,region_101,brand_12_market,205558.99
2032,2021-01,region_101,brand_12_market,176231.78
2033,2021-02,region_101,brand_12_market,177530.16
2034,2021-03,region_101,brand_12_market,220228.41
2035,2021-04,region_101,brand_12_market,227500.84
2036,2021-05,region_101,brand_12_market,185883.19
2037,2021-06,region_101,brand_12_market,199341.78
2038,2021-07,region_101,brand_12_market,230832.62
2039,2021-08,region_101,brand_12_market,183935.59
2040,2020-01,region_102,brand_12_market,592490.01
2041,2020-02,region_102,brand_12_market,535853.21
2042,2020-03,region_102,brand_12_market,569487.6499999999
2043,2020-04,region_102,brand_12_market,603122.09
2044,2020-05,region_102,brand_12_market,510233.89
2045,2020-06,region_102,brand_12_market,500345.68
2046,2020-07,region_102,brand_12_market,596023.46
2047,2020-08,region_102,brand_12_market,509231.77
2048,2020-09,region_102,brand_12_market,546931.47
2049,2020-10,region_102,brand_12_market,625748.49
2050,2020-11,region_102,brand_12_market,590340.22
2051,2020-12,region_102,brand_12_market,592064.11
2052,2021-01,region_102,brand_12_market,589564.12
2053,2021-02,region_102,brand_12_market,553487.55
2054,2021-03,region_102,brand_12_market,634569.64
2055,2021-04,region_102,brand_12_market,696208.73
2056,2021-05,region_102,brand_12_market,588903.92
2057,2021-06,region_102,brand_12_market,595444.42
2058,2021-07,region_102,brand_12_market,680514.6
2059,2021-08,region_102,brand_12_market,606338.38
2060,2020-01,region_103,brand_12_market,311175.25
2061,2020-02,region_103,brand_12_market,295291.93
2062,2020-03,region_103,brand_12_market,302341.875
2063,2020-04,region_103,brand_12_market,309391.82
2064,2020-05,region_103,brand_12_market,294658.63
2065,2020-06,region_103,brand_12_market,298951.18
2066,2020-07,region_103,brand_12_market,300961.29
2067,2020-08,region_103,brand_12_market,300527.15
2068,2020-09,region_103,brand_12_market,304421.82
2069,2020-10,region_103,brand_12_market,339093.24
2070,2020-11,region_103,brand_12_market,320720.53
2071,2020-12,region_103,brand_12_market,326657.72
2072,2021-01,region_103,brand_12_market,314132.58
2073,2021-02,region_103,brand_12_market,301014.49
2074,2021-03,region_103,brand_12_market,366824.5
2075,2021-04,region_103,brand_12_market,365931.36
2076,2021-05,region_103,brand_12_market,321642.49
2077,2021-06,region_103,brand_12_market,362102.29
2078,2021-07,region_103,brand_12_market,346699.51
2079,2021-08,region_103,brand_12_market,329748.69
2080,2020-01,region_104,brand_12_market,331637.32
2081,2020-02,region_104,brand_12_market,301851.94
2082,2020-03,region_104,brand_12_market,297691.16500000004
2083,2020-04,region_104,brand_12_market,293530.39
2084,2020-05,region_104,brand_12_market,313026.12
2085,2020-06,region_104,brand_12_market,331527.19
2086,2020-07,region_104,brand_12_market,344142.53
2087,2020-08,region_104,brand_12_market,243319.65
2088,2020-09,region_104,brand_12_market,337868.92
2089,2020-10,region_104,brand_12_market,319768.55
2090,2020-11,region_104,brand_12_market,333017.57
2091,2020-12,region_104,brand_12_market,306875.4
2092,2021-01,region_104,brand_12_market,314767.34
2093,2021-02,region_104,brand_12_market,280278.25
2094,2021-03,region_104,brand_12_market,358803.35
2095,2021-04,region_104,brand_12_market,320195.29
2096,2021-05,region_104,brand_12_market,318341.75
2097,2021-06,region_104,brand_12_market,334966.0
2098,2021-07,region_104,brand_12_market,369514.01
2099,2021-08,region_104,brand_12_market,260294.87
2100,2020-01,region_105,brand_12_market,302249.13
2101,2020-02,region_105,brand_12_market,288406.6
2102,2020-03,region_105,brand_12_market,301960.32499999995
2103,2020-04,region_105,brand_12_market,315514.05
2104,2020-05,region_105,brand_12_market,285095.97
2105,2020-06,region_105,brand_12_market,283639.92
2106,2020-07,region_105,brand_12_market,297459.99
2107,2020-08,region_105,brand_12_market,270999.2
2108,2020-09,region_105,brand_12_market,291838.88
2109,2020-10,region_105,brand_12_market,326223.47
2110,2020-11,region_105,brand_12_market,313892.65
2111,2020-12,region_105,brand_12_market,341214.76
2112,2021-01,region_105,brand_12_market,299675.0
2113,2021-02,region_105,brand_12_market,297186.07
2114,2021-03,region_105,brand_12_market,345023.92
2115,2021-04,region_105,brand_12_market,355399.41
2116,2021-05,region_105,brand_12_market,319356.54
2117,2021-06,region_105,brand_12_market,327815.37
2118,2021-07,region_105,brand_12_market,338195.53
2119,2021-08,region_105,brand_12_market,333211.31
2120,2020-01,region_106,brand_12_market,462492.29
2121,2020-02,region_106,brand_12_market,462427.05
2122,2020-03,region_106,brand_12_market,500973.0
2123,2020-04,region_106,brand_12_market,539518.95
2124,2020-05,region_106,brand_12_market,440979.05
2125,2020-06,region_106,brand_12_market,403217.47
2126,2020-07,region_106,brand_12_market,542616.74
2127,2020-08,region_106,brand_12_market,363389.37
2128,2020-09,region_106,brand_12_market,418049.7
2129,2020-10,region_106,brand_12_market,538987.82
2130,2020-11,region_106,brand_12_market,459861.73
2131,2020-12,region_106,brand_12_market,485035.01
2132,2021-01,region_106,brand_12_market,443887.48
2133,2021-02,region_106,brand_12_market,491771.9
2134,2021-03,region_106,brand_12_market,534510.56
2135,2021-04,region_106,brand_12_market,569565.23
2136,2021-05,region_106,brand_12_market,498423.38
2137,2021-06,region_106,brand_12_market,485292.47
2138,2021-07,region_106,brand_12_market,581668.12
2139,2021-08,region_106,brand_12_market,421731.15
2140,2020-01,region_107,brand_12_market,318774.32
2141,2020-02,region_107,brand_12_market,312736.78
2142,2020-03,region_107,brand_12_market,306385.80000000005
2143,2020-04,region_107,brand_12_market,300034.82
2144,2020-05,region_107,brand_12_market,288620.12
2145,2020-06,region_107,brand_12_market,299086.03
2146,2020-07,region_107,brand_12_market,290497.17
2147,2020-08,region_107,brand_12_market,288775.13
2148,2020-09,region_107,brand_12_market,302756.05
2149,2020-10,region_107,brand_12_market,318707.54
2150,2020-11,region_107,brand_12_market,324322.3
2151,2020-12,region_107,brand_12_market,330988.2
2152,2021-01,region_107,brand_12_market,294614.58
2153,2021-02,region_107,brand_12_market,287282.81
2154,2021-03,region_107,brand_12_market,364164.64
2155,2021-04,region_107,brand_12_market,352683.34
2156,2021-05,region_107,brand_12_market,318119.58
2157,2021-06,region_107,brand_12_market,340668.14
2158,2021-07,region_107,brand_12_market,336420.1
2159,2021-08,region_107,brand_12_market,320878.71
2160,2020-01,region_108,brand_12_market,429932.08
2161,2020-02,region_108,brand_12_market,405201.79
2162,2020-03,region_108,brand_12_market,408572.705
2163,2020-04,region_108,brand_12_market,411943.62
2164,2020-05,region_108,brand_12_market,368909.37
2165,2020-06,region_108,brand_12_market,383495.57
2166,2020-07,region_108,brand_12_market,364123.9
2167,2020-08,region_108,brand_12_market,347931.07
2168,2020-09,region_108,brand_12_market,380381.87
2169,2020-10,region_108,brand_12_market,414524.23
2170,2020-11,region_108,brand_12_market,405498.18
2171,2020-12,region_108,brand_12_market,406875.98
2172,2021-01,region_108,brand_12_market,376692.31
2173,2021-02,region_108,brand_12_market,395883.8
2174,2021-03,region_108,brand_12_market,461964.93
2175,2021-04,region_108,brand_12_market,469615.25
2176,2021-05,region_108,brand_12_market,418330.21
2177,2021-06,region_108,brand_12_market,397014.34
2178,2021-07,region_108,brand_12_market,464032.4
2179,2021-08,region_108,brand_12_market,362322.41
2180,2020-01,region_109,brand_12_market,422388.39
2181,2020-02,region_109,brand_12_market,365372.63
2182,2020-03,region_109,brand_12_market,377088.235
2183,2020-04,region_109,brand_12_market,388803.84
2184,2020-05,region_109,brand_12_market,367015.25
2185,2020-06,region_109,brand_12_market,396314.76
2186,2020-07,region_109,brand_12_market,364852.97
2187,2020-08,region_109,brand_12_market,415203.32
2188,2020-09,region_109,brand_12_market,423536.52
2189,2020-10,region_109,brand_12_market,420016.0
2190,2020-11,region_109,brand_12_market,428596.65
2191,2020-12,region_109,brand_12_market,436524.47
2192,2021-01,region_109,brand_12_market,404023.52
2193,2021-02,region_109,brand_12_market,372245.47
2194,2021-03,region_109,brand_12_market,478957.17
2195,2021-04,region_109,brand_12_market,461917.84
2196,2021-05,region_109,brand_12_market,404669.55
2197,2021-06,region_109,brand_12_market,474127.76
2198,2021-07,region_109,brand_12_market,379556.7
2199,2021-08,region_109,brand_12_market,490951.04
2200,2020-01,region_110,brand_12_market,149121.5
2201,2020-02,region_110,brand_12_market,148778.9
2202,2020-03,region_110,brand_12_market,163545.285
2203,2020-04,region_110,brand_12_market,178311.67
2204,2020-05,region_110,brand_12_market,156462.12
2205,2020-06,region_110,brand_12_market,159935.38
2206,2020-07,region_110,brand_12_market,161123.53
2207,2020-08,region_110,brand_12_market,153122.71
2208,2020-09,region_110,brand_12_market,164626.88
2209,2020-10,region_110,brand_12_market,168241.32
2210,2020-11,region_110,brand_12_market,176017.35
2211,2020-12,region_110,brand_12_market,175719.49
2212,2021-01,region_110,brand_12_market,194969.2
2213,2021-02,region_110,brand_12_market,166210.17
2214,2021-03,region_110,brand_12_market,196155.41
2215,2021-04,region_110,brand_12_market,180373.55
2216,2021-05,region_110,brand_12_market,172434.51
2217,2021-06,region_110,brand_12_market,174806.26
2218,2021-07,region_110,brand_12_market,177931.94
2219,2021-08,region_110,brand_12_market,170792.86
2220,2020-01,region_111,brand_12_market,285686.41
2221,2020-02,region_111,brand_12_market,269070.86
2222,2020-03,region_111,brand_12_market,279533.38
2223,2020-04,region_111,brand_12_market,289995.9
2224,2020-05,region_111,brand_12_market,237293.41
2225,2020-06,region_111,brand_12_market,243779.78
2226,2020-07,region_111,brand_12_market,290018.95
2227,2020-08,region_111,brand_12_market,226759.9
2228,2020-09,region_111,brand_12_market,263107.13
2229,2020-10,region_111,brand_12_market,305166.2
2230,2020-11,region_111,brand_12_market,272654.14
2231,2020-12,region_111,brand_12_market,321386.52
2232,2021-01,region_111,brand_12_market,257897.53
2233,2021-02,region_111,brand_12_market,247824.27
2234,2021-03,region_111,brand_12_market,287239.0
2235,2021-04,region_111,brand_12_market,330059.35
2236,2021-05,region_111,brand_12_market,264382.16
2237,2021-06,region_111,brand_12_market,302269.55
2238,2021-07,region_111,brand_12_market,334936.68
2239,2021-08,region_111,brand_12_market,273271.97
2240,2020-01,region_112,brand_12_market,173974.69
2241,2020-02,region_112,brand_12_market,161544.9
2242,2020-03,region_112,brand_12_market,172590.47999999998
2243,2020-04,region_112,brand_12_market,183636.06
2244,2020-05,region_112,brand_12_market,147367.27
2245,2020-06,region_112,brand_12_market,163802.79
2246,2020-07,region_112,brand_12_market,168946.49
2247,2020-08,region_112,brand_12_market,140862.42
2248,2020-09,region_112,brand_12_market,163254.3
2249,2020-10,region_112,brand_12_market,178869.54
2250,2020-11,region_112,brand_12_market,161818.65
2251,2020-12,region_112,brand_12_market,190743.0
2252,2021-01,region_112,brand_12_market,160142.98
2253,2021-02,region_112,brand_12_market,154245.18
2254,2021-03,region_112,brand_12_market,178476.65
2255,2021-04,region_112,brand_12_market,190621.14
2256,2021-05,region_112,brand_12_market,159176.88
2257,2021-06,region_112,brand_12_market,181188.01
2258,2021-07,region_112,brand_12_market,192382.8
2259,2021-08,region_112,brand_12_market,164238.05
2260,2020-01,region_113,brand_12_market,254033.31
2261,2020-02,region_113,brand_12_market,234423.5
2262,2020-03,region_113,brand_12_market,233314.595
2263,2020-04,region_113,brand_12_market,232205.69
2264,2020-05,region_113,brand_12_market,213728.79
2265,2020-06,region_113,brand_12_market,240019.0
2266,2020-07,region_113,brand_12_market,231176.51
2267,2020-08,region_113,brand_12_market,227371.34
2268,2020-09,region_113,brand_12_market,243145.78
2269,2020-10,region_113,brand_12_market,250093.55
2270,2020-11,region_113,brand_12_market,254413.73
2271,2020-12,region_113,brand_12_market,251618.64
2272,2021-01,region_113,brand_12_market,236322.44
2273,2021-02,region_113,brand_12_market,239918.93
2274,2021-03,region_113,brand_12_market,268581.02
2275,2021-04,region_113,brand_12_market,268330.55
2276,2021-05,region_113,brand_12_market,248419.2
2277,2021-06,region_113,brand_12_market,267887.0
2278,2021-07,region_113,brand_12_market,252146.44
2279,2021-08,region_113,brand_12_market,271867.34
2280,2020-01,region_114,brand_12_market,265500.21
2281,2020-02,region_114,brand_12_market,247333.84
2282,2020-03,region_114,brand_12_market,259310.855
2283,2020-04,region_114,brand_12_market,271287.87
2284,2020-05,region_114,brand_12_market,242434.96
2285,2020-06,region_114,brand_12_market,232523.35
2286,2020-07,region_114,brand_12_market,288319.89
2287,2020-08,region_114,brand_12_market,197554.28
2288,2020-09,region_114,brand_12_market,247194.04
2289,2020-10,region_114,brand_12_market,309789.04
2290,2020-11,region_114,brand_12_market,262157.65
2291,2020-12,region_114,brand_12_market,295901.07
2292,2021-01,region_114,brand_12_market,258608.88
2293,2021-02,region_114,brand_12_market,265128.19
2294,2021-03,region_114,brand_12_market,285304.11
2295,2021-04,region_114,brand_12_market,309616.89
2296,2021-05,region_114,brand_12_market,277483.85
2297,2021-06,region_114,brand_12_market,284278.45
2298,2021-07,region_114,brand_12_market,340771.03
2299,2021-08,region_114,brand_12_market,237622.56
2300,2020-01,region_115,brand_12_market,410587.34
2301,2020-02,region_115,brand_12_market,392160.82
2302,2020-03,region_115,brand_12_market,386214.68
2303,2020-04,region_115,brand_12_market,380268.54
2304,2020-05,region_115,brand_12_market,376472.75
2305,2020-06,region_115,brand_12_market,406382.33
2306,2020-07,region_115,brand_12_market,403834.67
2307,2020-08,region_115,brand_12_market,367386.4
2308,2020-09,region_115,brand_12_market,419099.56
2309,2020-10,region_115,brand_12_market,435802.64
2310,2020-11,region_115,brand_12_market,467312.9
2311,2020-12,region_115,brand_12_market,483119.33
2312,2021-01,region_115,brand_12_market,442785.76
2313,2021-02,region_115,brand_12_market,445710.99
2314,2021-03,region_115,brand_12_market,525242.62
2315,2021-04,region_115,brand_12_market,483255.41
2316,2021-05,region_115,brand_12_market,432751.82
2317,2021-06,region_115,brand_12_market,479034.71
2318,2021-07,region_115,brand_12_market,522647.0
2319,2021-08,region_115,brand_12_market,380784.87
2320,2020-01,region_116,brand_12_market,280071.15
2321,2020-02,region_116,brand_12_market,253357.42
2322,2020-03,region_116,brand_12_market,257558.8
2323,2020-04,region_116,brand_12_market,261760.18
2324,2020-05,region_116,brand_12_market,250962.34
2325,2020-06,region_116,brand_12_market,263118.39
2326,2020-07,region_116,brand_12_market,287528.83
2327,2020-08,region_116,brand_12_market,237555.38
2328,2020-09,region_116,brand_12_market,284352.83
2329,2020-10,region_116,brand_12_market,281124.16
2330,2020-11,region_116,brand_12_market,300700.69
2331,2020-12,region_116,brand_12_market,309468.35
2332,2021-01,region_116,brand_12_market,257096.57
2333,2021-02,region_116,brand_12_market,270081.39
2334,2021-03,region_116,brand_12_market,321513.12
2335,2021-04,region_116,brand_12_market,314928.81
2336,2021-05,region_116,brand_12_market,294010.13
2337,2021-06,region_116,brand_12_market,322043.16
2338,2021-07,region_116,brand_12_market,346168.89
2339,2021-08,region_116,brand_12_market,265068.67
2340,2020-01,region_117,brand_12_market,344445.81
2341,2020-02,region_117,brand_12_market,311631.04
2342,2020-03,region_117,brand_12_market,328415.175
2343,2020-04,region_117,brand_12_market,345199.31
2344,2020-05,region_117,brand_12_market,298017.74
2345,2020-06,region_117,brand_12_market,327091.04
2346,2020-07,region_117,brand_12_market,339708.62
2347,2020-08,region_117,brand_12_market,296997.8
2348,2020-09,region_117,brand_12_market,314049.13
2349,2020-10,region_117,brand_12_market,376620.32
2350,2020-11,region_117,brand_12_market,344438.21
2351,2020-12,region_117,brand_12_market,357824.4
2352,2021-01,region_117,brand_12_market,346573.89
2353,2021-02,region_117,brand_12_market,332919.39
2354,2021-03,region_117,brand_12_market,393404.66
2355,2021-04,region_117,brand_12_market,403794.9
2356,2021-05,region_117,brand_12_market,363392.0
2357,2021-06,region_117,brand_12_market,363277.32
2358,2021-07,region_117,brand_12_market,357208.33
2359,2021-08,region_117,brand_12_market,341185.62
2360,2020-01,region_118,brand_12_market,170904.58
2361,2020-02,region_118,brand_12_market,149435.09
2362,2020-03,region_118,brand_12_market,158458.95500000002
2363,2020-04,region_118,brand_12_market,167482.82
2364,2020-05,region_118,brand_12_market,146828.99
2365,2020-06,region_118,brand_12_market,154264.85
2366,2020-07,region_118,brand_12_market,178330.29
2367,2020-08,region_118,brand_12_market,134999.16
2368,2020-09,region_118,brand_12_market,159546.91
2369,2020-10,region_118,brand_12_market,191665.82
2370,2020-11,region_118,brand_12_market,155838.17
2371,2020-12,region_118,brand_12_market,177742.69
2372,2021-01,region_118,brand_12_market,160086.47
2373,2021-02,region_118,brand_12_market,156423.28
2374,2021-03,region_118,brand_12_market,179939.12
2375,2021-04,region_118,brand_12_market,182476.2
2376,2021-05,region_118,brand_12_market,162765.72
2377,2021-06,region_118,brand_12_market,167022.7
2378,2021-07,region_118,brand_12_market,213337.59
2379,2021-08,region_118,brand_12_market,170447.22
2380,2020-01,region_119,brand_12_market,226369.17
2381,2020-02,region_119,brand_12_market,199372.93
2382,2020-03,region_119,brand_12_market,209549.4
2383,2020-04,region_119,brand_12_market,219725.87
2384,2020-05,region_119,brand_12_market,199432.48
2385,2020-06,region_119,brand_12_market,184571.85
2386,2020-07,region_119,brand_12_market,245152.79
2387,2020-08,region_119,brand_12_market,166075.46
2388,2020-09,region_119,brand_12_market,199825.03
2389,2020-10,region_119,brand_12_market,233710.67
2390,2020-11,region_119,brand_12_market,223712.55
2391,2020-12,region_119,brand_12_market,232067.4
2392,2021-01,region_119,brand_12_market,208427.93
2393,2021-02,region_119,brand_12_market,197153.73
2394,2021-03,region_119,brand_12_market,239116.79
2395,2021-04,region_119,brand_12_market,263132.08
2396,2021-05,region_119,brand_12_market,221772.54
2397,2021-06,region_119,brand_12_market,230836.53
2398,2021-07,region_119,brand_12_market,265631.95
2399,2021-08,region_119,brand_12_market,182592.3
2400,2020-01,region_120,brand_12_market,193840.82
2401,2020-02,region_120,brand_12_market,168882.62
2402,2020-03,region_120,brand_12_market,179793.8
2403,2020-04,region_120,brand_12_market,190704.98
2404,2020-05,region_120,brand_12_market,174685.32
2405,2020-06,region_120,brand_12_market,188429.64
2406,2020-07,region_120,brand_12_market,201475.97
2407,2020-08,region_120,brand_12_market,134316.57
2408,2020-09,region_120,brand_12_market,194703.02
2409,2020-10,region_120,brand_12_market,193398.4
2410,2020-11,region_120,brand_12_market,210347.75
2411,2020-12,region_120,brand_12_market,191048.49
2412,2021-01,region_120,brand_12_market,190387.54
2413,2021-02,region_120,brand_12_market,167371.99
2414,2021-03,region_120,brand_12_market,221955.83
2415,2021-04,region_120,brand_12_market,221702.37
2416,2021-05,region_120,brand_12_market,197933.92
2417,2021-06,region_120,brand_12_market,195745.0
2418,2021-07,region_120,brand_12_market,241743.06
2419,2021-08,region_120,brand_12_market,162401.58
2420,2020-01,region_121,brand_12_market,397052.42
2421,2020-02,region_121,brand_12_market,354830.11
2422,2020-03,region_121,brand_12_market,363742.455
2423,2020-04,region_121,brand_12_market,372654.8
2424,2020-05,region_121,brand_12_market,350504.15
2425,2020-06,region_121,brand_12_market,358880.15
2426,2020-07,region_121,brand_12_market,340303.09
2427,2020-08,region_121,brand_12_market,354068.6
2428,2020-09,region_121,brand_12_market,394158.03
2429,2020-10,region_121,brand_12_market,392186.11
2430,2020-11,region_121,brand_12_market,419848.43
2431,2020-12,region_121,brand_12_market,398867.83
2432,2021-01,region_121,brand_12_market,405891.56
2433,2021-02,region_121,brand_12_market,370600.8
2434,2021-03,region_121,brand_12_market,461847.54
2435,2021-04,region_121,brand_12_market,431750.75
2436,2021-05,region_121,brand_12_market,416210.48
2437,2021-06,region_121,brand_12_market,428837.24
2438,2021-07,region_121,brand_12_market,398027.56
2439,2021-08,region_121,brand_12_market,410760.55
2440,2020-01,region_122,brand_12_market,260675.2
2441,2020-02,region_122,brand_12_market,244401.98
2442,2020-03,region_122,brand_12_market,250372.915
2443,2020-04,region_122,brand_12_market,256343.85
2444,2020-05,region_122,brand_12_market,236521.91
2445,2020-06,region_122,brand_12_market,243079.5
2446,2020-07,region_122,brand_12_market,247132.97
2447,2020-08,region_122,brand_12_market,232725.68
2448,2020-09,region_122,brand_12_market,243955.91
2449,2020-10,region_122,brand_12_market,268036.1
2450,2020-11,region_122,brand_12_market,271131.46
2451,2020-12,region_122,brand_12_market,279485.47
2452,2021-01,region_122,brand_12_market,255676.58
2453,2021-02,region_122,brand_12_market,254819.71
2454,2021-03,region_122,brand_12_market,293363.1
2455,2021-04,region_122,brand_12_market,295641.69
2456,2021-05,region_122,brand_12_market,265250.17
2457,2021-06,region_122,brand_12_market,287899.03
2458,2021-07,region_122,brand_12_market,290979.24
2459,2021-08,region_122,brand_12_market,271997.69
2460,2020-01,region_123,brand_12_market,344963.92
2461,2020-02,region_123,brand_12_market,332120.06
2462,2020-03,region_123,brand_12_market,334966.365
2463,2020-04,region_123,brand_12_market,337812.67
2464,2020-05,region_123,brand_12_market,311528.92
2465,2020-06,region_123,brand_12_market,314380.74
2466,2020-07,region_123,brand_12_market,365123.73
2467,2020-08,region_123,brand_12_market,300704.08
2468,2020-09,region_123,brand_12_market,324852.77
2469,2020-10,region_123,brand_12_market,391889.8
2470,2020-11,region_123,brand_12_market,351634.85
2471,2020-12,region_123,brand_12_market,393559.35
2472,2021-01,region_123,brand_12_market,323992.31
2473,2021-02,region_123,brand_12_market,342755.71
2474,2021-03,region_123,brand_12_market,400834.19
2475,2021-04,region_123,brand_12_market,402835.31
2476,2021-05,region_123,brand_12_market,341095.56
2477,2021-06,region_123,brand_12_market,377106.82
2478,2021-07,region_123,brand_12_market,427153.54
2479,2021-08,region_123,brand_12_market,355560.69
2480,2020-01,region_124,brand_12_market,300768.83
2481,2020-02,region_124,brand_12_market,265697.5
2482,2020-03,region_124,brand_12_market,284711.905
2483,2020-04,region_124,brand_12_market,303726.31
2484,2020-05,region_124,brand_12_market,275648.61
2485,2020-06,region_124,brand_12_market,295606.23
2486,2020-07,region_124,brand_12_market,292728.58
2487,2020-08,region_124,brand_12_market,288144.59
2488,2020-09,region_124,brand_12_market,304221.23
2489,2020-10,region_124,brand_12_market,325527.79
2490,2020-11,region_124,brand_12_market,332382.32
2491,2020-12,region_124,brand_12_market,330130.67
2492,2021-01,region_124,brand_12_market,323491.68
2493,2021-02,region_124,brand_12_market,303184.88
2494,2021-03,region_124,brand_12_market,368344.21
2495,2021-04,region_124,brand_12_market,380493.77
2496,2021-05,region_124,brand_12_market,344822.0
2497,2021-06,region_124,brand_12_market,353781.99
2498,2021-07,region_124,brand_12_market,374236.74
2499,2021-08,region_124,brand_12_market,331395.54
2500,2020-01,region_125,brand_12_market,270822.98
2501,2020-02,region_125,brand_12_market,265686.87
2502,2020-03,region_125,brand_12_market,274273.07
2503,2020-04,region_125,brand_12_market,282859.27
2504,2020-05,region_125,brand_12_market,244341.83
2505,2020-06,region_125,brand_12_market,251845.89
2506,2020-07,region_125,brand_12_market,296620.08
2507,2020-08,region_125,brand_12_market,207385.13
2508,2020-09,region_125,brand_12_market,253870.26
2509,2020-10,region_125,brand_12_market,297406.94
2510,2020-11,region_125,brand_12_market,283623.72
2511,2020-12,region_125,brand_12_market,305282.78
2512,2021-01,region_125,brand_12_market,256943.73
2513,2021-02,region_125,brand_12_market,252652.36
2514,2021-03,region_125,brand_12_market,300704.2
2515,2021-04,region_125,brand_12_market,322952.57
2516,2021-05,region_125,brand_12_market,277691.09
2517,2021-06,region_125,brand_12_market,298084.15
2518,2021-07,region_125,brand_12_market,320186.42
2519,2021-08,region_125,brand_12_market,234195.43
2520,2020-01,region_126,brand_12_market,282367.15
2521,2020-02,region_126,brand_12_market,271270.45
2522,2020-03,region_126,brand_12_market,275802.82
2523,2020-04,region_126,brand_12_market,280335.19
2524,2020-05,region_126,brand_12_market,271628.2
2525,2020-06,region_126,brand_12_market,289793.77
2526,2020-07,region_126,brand_12_market,306969.53
2527,2020-08,region_126,brand_12_market,251093.14
2528,2020-09,region_126,brand_12_market,303303.91
2529,2020-10,region_126,brand_12_market,312332.94
2530,2020-11,region_126,brand_12_market,323244.24
2531,2020-12,region_126,brand_12_market,320791.32
2532,2021-01,region_126,brand_12_market,284638.11
2533,2021-02,region_126,brand_12_market,301785.9
2534,2021-03,region_126,brand_12_market,369005.66
2535,2021-04,region_126,brand_12_market,346490.41
2536,2021-05,region_126,brand_12_market,333072.56
2537,2021-06,region_126,brand_12_market,356111.15
2538,2021-07,region_126,brand_12_market,392379.78
2539,2021-08,region_126,brand_12_market,286152.21
2540,2020-01,region_127,brand_12_market,380603.69
2541,2020-02,region_127,brand_12_market,365472.6
2542,2020-03,region_127,brand_12_market,375003.165
2543,2020-04,region_127,brand_12_market,384533.73
2544,2020-05,region_127,brand_12_market,345502.17
2545,2020-06,region_127,brand_12_market,333794.46
2546,2020-07,region_127,brand_12_market,394305.17
2547,2020-08,region_127,brand_12_market,326406.9
2548,2020-09,region_127,brand_12_market,372618.58
2549,2020-10,region_127,brand_12_market,443462.36
2550,2020-11,region_127,brand_12_market,397765.17
2551,2020-12,region_127,brand_12_market,448925.97
2552,2021-01,region_127,brand_12_market,399773.82
2553,2021-02,region_127,brand_12_market,401257.77
2554,2021-03,region_127,brand_12_market,475484.26
2555,2021-04,region_127,brand_12_market,471748.24
2556,2021-05,region_127,brand_12_market,419737.24
2557,2021-06,region_127,brand_12_market,457127.36
2558,2021-07,region_127,brand_12_market,481217.74
2559,2021-08,region_127,brand_12_market,444399.04
2560,2020-01,region_128,brand_12_market,276613.59
2561,2020-02,region_128,brand_12_market,255547.26
2562,2020-03,region_128,brand_12_market,267075.89
2563,2020-04,region_128,brand_12_market,278604.52
2564,2020-05,region_128,brand_12_market,258763.14
2565,2020-06,region_128,brand_12_market,254505.29
2566,2020-07,region_128,brand_12_market,286774.78
2567,2020-08,region_128,brand_12_market,249878.56
2568,2020-09,region_128,brand_12_market,268572.31
2569,2020-10,region_128,brand_12_market,305019.59
2570,2020-11,region_128,brand_12_market,289992.49
2571,2020-12,region_128,brand_12_market,300823.37
2572,2021-01,region_128,brand_12_market,269861.85
2573,2021-02,region_128,brand_12_market,261229.78
2574,2021-03,region_128,brand_12_market,299560.85
2575,2021-04,region_128,brand_12_market,337269.05
2576,2021-05,region_128,brand_12_market,278978.53
2577,2021-06,region_128,brand_12_market,297709.4
2578,2021-07,region_128,brand_12_market,324153.58
2579,2021-08,region_128,brand_12_market,277526.96
2580,2020-01,region_129,brand_12_market,250149.93
2581,2020-02,region_129,brand_12_market,235950.26
2582,2020-03,region_129,brand_12_market,249005.075
2583,2020-04,region_129,brand_12_market,262059.89
2584,2020-05,region_129,brand_12_market,223211.75
2585,2020-06,region_129,brand_12_market,225247.81
2586,2020-07,region_129,brand_12_market,244675.31
2587,2020-08,region_129,brand_12_market,217373.94
2588,2020-09,region_129,brand_12_market,244204.21
2589,2020-10,region_129,brand_12_market,274729.98
2590,2020-11,region_129,brand_12_market,249492.19
2591,2020-12,region_129,brand_12_market,251841.51
2592,2021-01,region_129,brand_12_market,249661.69
2593,2021-02,region_129,brand_12_market,236964.31
2594,2021-03,region_129,brand_12_market,277843.77
2595,2021-04,region_129,brand_12_market,302627.33
2596,2021-05,region_129,brand_12_market,254801.99
2597,2021-06,region_129,brand_12_market,264332.91
2598,2021-07,region_129,brand_12_market,287304.03
2599,2021-08,region_129,brand_12_market,240052.06
2600,2020-01,region_130,brand_12_market,259666.51
2601,2020-02,region_130,brand_12_market,233016.19
2602,2020-03,region_130,brand_12_market,251156.575
2603,2020-04,region_130,brand_12_market,269296.96
2604,2020-05,region_130,brand_12_market,241555.14
2605,2020-06,region_130,brand_12_market,227667.07
2606,2020-07,region_130,brand_12_market,288619.55
2607,2020-08,region_130,brand_12_market,218995.48
2608,2020-09,region_130,brand_12_market,230866.77
2609,2020-10,region_130,brand_12_market,288583.74
2610,2020-11,region_130,brand_12_market,268972.63
2611,2020-12,region_130,brand_12_market,271087.19
2612,2021-01,region_130,brand_12_market,256337.44
2613,2021-02,region_130,brand_12_market,256207.92
2614,2021-03,region_130,brand_12_market,307251.27
2615,2021-04,region_130,brand_12_market,306809.5
2616,2021-05,region_130,brand_12_market,279902.95
2617,2021-06,region_130,brand_12_market,289617.3
2618,2021-07,region_130,brand_12_market,368513.05
2619,2021-08,region_130,brand_12_market,307766.77
2620,2020-01,region_131,brand_12_market,489785.66
2621,2020-02,region_131,brand_12_market,433922.34
2622,2020-03,region_131,brand_12_market,441243.405
2623,2020-04,region_131,brand_12_market,448564.47
2624,2020-05,region_131,brand_12_market,454346.63
2625,2020-06,region_131,brand_12_market,472009.95
2626,2020-07,region_131,brand_12_market,415033.3
2627,2020-08,region_131,brand_12_market,466261.07
2628,2020-09,region_131,brand_12_market,490972.45
2629,2020-10,region_131,brand_12_market,491444.2
2630,2020-11,region_131,brand_12_market,527541.16
2631,2020-12,region_131,brand_12_market,520130.62
2632,2021-01,region_131,brand_12_market,457890.78
2633,2021-02,region_131,brand_12_market,426931.27
2634,2021-03,region_131,brand_12_market,548160.36
2635,2021-04,region_131,brand_12_market,519509.41
2636,2021-05,region_131,brand_12_market,477094.38
2637,2021-06,region_131,brand_12_market,528246.3
2638,2021-07,region_131,brand_12_market,437587.58
2639,2021-08,region_131,brand_12_market,537558.65
2640,2020-01,region_132,brand_12_market,478236.36
2641,2020-02,region_132,brand_12_market,443320.68
2642,2020-03,region_132,brand_12_market,462224.15
2643,2020-04,region_132,brand_12_market,481127.62
2644,2020-05,region_132,brand_12_market,435490.23
2645,2020-06,region_132,brand_12_market,440367.85
2646,2020-07,region_132,brand_12_market,463833.81
2647,2020-08,region_132,brand_12_market,442429.87
2648,2020-09,region_132,brand_12_market,463076.41
2649,2020-10,region_132,brand_12_market,503577.18
2650,2020-11,region_132,brand_12_market,487982.56
2651,2020-12,region_132,brand_12_market,504699.57
2652,2021-01,region_132,brand_12_market,462514.91
2653,2021-02,region_132,brand_12_market,455190.44
2654,2021-03,region_132,brand_12_market,525077.48
2655,2021-04,region_132,brand_12_market,520506.18
2656,2021-05,region_132,brand_12_market,479620.22
2657,2021-06,region_132,brand_12_market,509214.75
2658,2021-07,region_132,brand_12_market,502172.51
2659,2021-08,region_132,brand_12_market,483405.68
2660,2020-01,region_133,brand_12_market,243615.23
2661,2020-02,region_133,brand_12_market,223937.51
2662,2020-03,region_133,brand_12_market,234038.88
2663,2020-04,region_133,brand_12_market,244140.25
2664,2020-05,region_133,brand_12_market,225709.26
2665,2020-06,region_133,brand_12_market,217567.35
2666,2020-07,region_133,brand_12_market,250654.4
2667,2020-08,region_133,brand_12_market,204967.31
2668,2020-09,region_133,brand_12_market,225934.98
2669,2020-10,region_133,brand_12_market,256617.73
2670,2020-11,region_133,brand_12_market,252103.39
2671,2020-12,region_133,brand_12_market,283082.82
2672,2021-01,region_133,brand_12_market,232462.64
2673,2021-02,region_133,brand_12_market,238535.36
2674,2021-03,region_133,brand_12_market,281625.33
2675,2021-04,region_133,brand_12_market,289763.79
2676,2021-05,region_133,brand_12_market,260079.43
2677,2021-06,region_133,brand_12_market,259998.13
2678,2021-07,region_133,brand_12_market,311359.48
2679,2021-08,region_133,brand_12_market,243849.27
2680,2020-01,region_134,brand_12_market,262531.23
2681,2020-02,region_134,brand_12_market,255914.52
2682,2020-03,region_134,brand_12_market,277438.815
2683,2020-04,region_134,brand_12_market,298963.11
2684,2020-05,region_134,brand_12_market,247028.95
2685,2020-06,region_134,brand_12_market,227572.07
2686,2020-07,region_134,brand_12_market,277187.25
2687,2020-08,region_134,brand_12_market,203575.09
2688,2020-09,region_134,brand_12_market,239884.93
2689,2020-10,region_134,brand_12_market,292276.44
2690,2020-11,region_134,brand_12_market,261773.1
2691,2020-12,region_134,brand_12_market,289493.8
2692,2021-01,region_134,brand_12_market,247864.61
2693,2021-02,region_134,brand_12_market,256933.62
2694,2021-03,region_134,brand_12_market,303530.9
2695,2021-04,region_134,brand_12_market,309185.47
2696,2021-05,region_134,brand_12_market,282063.29
2697,2021-06,region_134,brand_12_market,272580.4
2698,2021-07,region_134,brand_12_market,321943.1
2699,2021-08,region_134,brand_12_market,265699.93
2700,2020-01,region_135,brand_12_market,293983.62
2701,2020-02,region_135,brand_12_market,265254.22
2702,2020-03,region_135,brand_12_market,281326.52
2703,2020-04,region_135,brand_12_market,297398.82
2704,2020-05,region_135,brand_12_market,260959.58
2705,2020-06,region_135,brand_12_market,244728.84
2706,2020-07,region_135,brand_12_market,332432.06
2707,2020-08,region_135,brand_12_market,211923.19
2708,2020-09,region_135,brand_12_market,240047.94
2709,2020-10,region_135,brand_12_market,313521.02
2710,2020-11,region_135,brand_12_market,320456.11
2711,2020-12,region_135,brand_12_market,315443.28
2712,2021-01,region_135,brand_12_market,299254.08
2713,2021-02,region_135,brand_12_market,295079.08
2714,2021-03,region_135,brand_12_market,346890.88
2715,2021-04,region_135,brand_12_market,402683.1
2716,2021-05,region_135,brand_12_market,308900.24
2717,2021-06,region_135,brand_12_market,316209.26
2718,2021-07,region_135,brand_12_market,385573.73
2719,2021-08,region_135,brand_12_market,257775.42
2720,2020-01,region_136,brand_12_market,181523.07
2721,2020-02,region_136,brand_12_market,171007.76
2722,2020-03,region_136,brand_12_market,180059.02500000002
2723,2020-04,region_136,brand_12_market,189110.29
2724,2020-05,region_136,brand_12_market,154417.2
2725,2020-06,region_136,brand_12_market,152652.14
2726,2020-07,region_136,brand_12_market,170251.02
2727,2020-08,region_136,brand_12_market,146280.38
2728,2020-09,region_136,brand_12_market,148868.53
2729,2020-10,region_136,brand_12_market,187308.03
2730,2020-11,region_136,brand_12_market,161810.27
2731,2020-12,region_136,brand_12_market,174969.52
2732,2021-01,region_136,brand_12_market,161253.76
2733,2021-02,region_136,brand_12_market,156271.08
2734,2021-03,region_136,brand_12_market,182912.79
2735,2021-04,region_136,brand_12_market,200507.83
2736,2021-05,region_136,brand_12_market,169107.31
2737,2021-06,region_136,brand_12_market,172056.1
2738,2021-07,region_136,brand_12_market,193520.69
2739,2021-08,region_136,brand_12_market,162196.22
2740,2020-01,region_137,brand_12_market,278968.1
2741,2020-02,region_137,brand_12_market,248998.79
2742,2020-03,region_137,brand_12_market,256577.735
2743,2020-04,region_137,brand_12_market,264156.68
2744,2020-05,region_137,brand_12_market,237007.97
2745,2020-06,region_137,brand_12_market,224581.53
2746,2020-07,region_137,brand_12_market,269300.13
2747,2020-08,region_137,brand_12_market,223109.7
2748,2020-09,region_137,brand_12_market,248571.5
2749,2020-10,region_137,brand_12_market,284773.87
2750,2020-11,region_137,brand_12_market,254467.47
2751,2020-12,region_137,brand_12_market,280382.61
2752,2021-01,region_137,brand_12_market,250218.55
2753,2021-02,region_137,brand_12_market,235712.22
2754,2021-03,region_137,brand_12_market,289030.04
2755,2021-04,region_137,brand_12_market,286748.18
2756,2021-05,region_137,brand_12_market,258794.51
2757,2021-06,region_137,brand_12_market,274602.33
2758,2021-07,region_137,brand_12_market,306744.48
2759,2021-08,region_137,brand_12_market,265445.57
2760,2020-01,region_138,brand_12_market,212308.68
2761,2020-02,region_138,brand_12_market,176048.07
2762,2020-03,region_138,brand_12_market,192522.905
2763,2020-04,region_138,brand_12_market,208997.74
2764,2020-05,region_138,brand_12_market,186372.28
2765,2020-06,region_138,brand_12_market,192110.18
2766,2020-07,region_138,brand_12_market,191599.16
2767,2020-08,region_138,brand_12_market,188051.52
2768,2020-09,region_138,brand_12_market,190941.49
2769,2020-10,region_138,brand_12_market,211413.17
2770,2020-11,region_138,brand_12_market,206955.95
2771,2020-12,region_138,brand_12_market,204487.63
2772,2021-01,region_138,brand_12_market,203798.22
2773,2021-02,region_138,brand_12_market,185557.22
2774,2021-03,region_138,brand_12_market,226719.26
2775,2021-04,region_138,brand_12_market,228655.06
2776,2021-05,region_138,brand_12_market,204603.98
2777,2021-06,region_138,brand_12_market,226974.29
2778,2021-07,region_138,brand_12_market,230927.37
2779,2021-08,region_138,brand_12_market,196143.04
2780,2020-01,region_139,brand_12_market,174806.98
2781,2020-02,region_139,brand_12_market,166282.16
2782,2020-03,region_139,brand_12_market,171283.28
2783,2020-04,region_139,brand_12_market,176284.4
2784,2020-05,region_139,brand_12_market,153489.86
2785,2020-06,region_139,brand_12_market,146911.3
2786,2020-07,region_139,brand_12_market,174684.28
2787,2020-08,region_139,brand_12_market,123682.13
2788,2020-09,region_139,brand_12_market,145614.33
2789,2020-10,region_139,brand_12_market,169641.7
2790,2020-11,region_139,brand_12_market,160012.18
2791,2020-12,region_139,brand_12_market,182683.9
2792,2021-01,region_139,brand_12_market,154699.32
2793,2021-02,region_139,brand_12_market,151602.08
2794,2021-03,region_139,brand_12_market,169619.74
2795,2021-04,region_139,brand_12_market,204061.83
2796,2021-05,region_139,brand_12_market,168230.39
2797,2021-06,region_139,brand_12_market,173906.85
2798,2021-07,region_139,brand_12_market,211750.27
2799,2021-08,region_139,brand_12_market,150847.1
2800,2020-01,region_140,brand_12_market,329201.83
2801,2020-02,region_140,brand_12_market,287234.53
2802,2020-03,region_140,brand_12_market,314192.39
2803,2020-04,region_140,brand_12_market,341150.25
2804,2020-05,region_140,brand_12_market,287404.23
2805,2020-06,region_140,brand_12_market,308565.41
2806,2020-07,region_140,brand_12_market,333003.74
2807,2020-08,region_140,brand_12_market,258099.88
2808,2020-09,region_140,brand_12_market,296694.29
2809,2020-10,region_140,brand_12_market,362547.42
2810,2020-11,region_140,brand_12_market,336864.92
2811,2020-12,region_140,brand_12_market,370246.1
2812,2021-01,region_140,brand_12_market,312732.9
2813,2021-02,region_140,brand_12_market,324227.46
2814,2021-03,region_140,brand_12_market,381823.43
2815,2021-04,region_140,brand_12_market,390106.78
2816,2021-05,region_140,brand_12_market,355061.73
2817,2021-06,region_140,brand_12_market,373727.16
2818,2021-07,region_140,brand_12_market,412856.89
2819,2021-08,region_140,brand_12_market,320503.96
2820,2020-01,region_141,brand_12_market,121952.45
2821,2020-02,region_141,brand_12_market,115983.11
2822,2020-03,region_141,brand_12_market,128115.82
2823,2020-04,region_141,brand_12_market,140248.53
2824,2020-05,region_141,brand_12_market,104345.98
2825,2020-06,region_141,brand_12_market,101684.05
2826,2020-07,region_141,brand_12_market,121319.25
2827,2020-08,region_141,brand_12_market,91999.3
2828,2020-09,region_141,brand_12_market,104396.76
2829,2020-10,region_141,brand_12_market,123323.59
2830,2020-11,region_141,brand_12_market,109148.53
2831,2020-12,region_141,brand_12_market,123036.11
2832,2021-01,region_141,brand_12_market,104498.11
2833,2021-02,region_141,brand_12_market,107294.78
2834,2021-03,region_141,brand_12_market,118584.99
2835,2021-04,region_141,brand_12_market,132121.48
2836,2021-05,region_141,brand_12_market,106601.0
2837,2021-06,region_141,brand_12_market,117303.89
2838,2021-07,region_141,brand_12_market,131244.06
2839,2021-08,region_141,brand_12_market,108904.07
2840,2020-01,region_142,brand_12_market,541641.01
2841,2020-02,region_142,brand_12_market,504062.41
2842,2020-03,region_142,brand_12_market,533458.0
2843,2020-04,region_142,brand_12_market,562853.59
2844,2020-05,region_142,brand_12_market,503316.37
2845,2020-06,region_142,brand_12_market,543802.23
2846,2020-07,region_142,brand_12_market,503354.23
2847,2020-08,region_142,brand_12_market,526699.53
2848,2020-09,region_142,brand_12_market,535053.58
2849,2020-10,region_142,brand_12_market,561187.06
2850,2020-11,region_142,brand_12_market,565571.21
2851,2020-12,region_142,brand_12_market,576334.18
2852,2021-01,region_142,brand_12_market,536421.15
2853,2021-02,region_142,brand_12_market,544463.03
2854,2021-03,region_142,brand_12_market,620136.02
2855,2021-04,region_142,brand_12_market,623962.19
2856,2021-05,region_142,brand_12_market,538288.41
2857,2021-06,region_142,brand_12_market,574212.73
2858,2021-07,region_142,brand_12_market,581703.32
2859,2021-08,region_142,brand_12_market,573747.72
2860,2020-01,region_143,brand_12_market,204031.49
2861,2020-02,region_143,brand_12_market,184163.29
2862,2020-03,region_143,brand_12_market,197234.945
2863,2020-04,region_143,brand_12_market,210306.6
2864,2020-05,region_143,brand_12_market,178722.25
2865,2020-06,region_143,brand_12_market,176409.46
2866,2020-07,region_143,brand_12_market,224903.09
2867,2020-08,region_143,brand_12_market,146253.38
2868,2020-09,region_143,brand_12_market,190702.78
2869,2020-10,region_143,brand_12_market,214417.68
2870,2020-11,region_143,brand_12_market,203393.71
2871,2020-12,region_143,brand_12_market,218687.4
2872,2021-01,region_143,brand_12_market,189041.83
2873,2021-02,region_143,brand_12_market,181668.26
2874,2021-03,region_143,brand_12_market,221489.94
2875,2021-04,region_143,brand_12_market,220403.6
2876,2021-05,region_143,brand_12_market,198034.05
2877,2021-06,region_143,brand_12_market,227405.1
2878,2021-07,region_143,brand_12_market,237699.77
2879,2021-08,region_143,brand_12_market,179091.65
2880,2020-01,region_144,brand_12_market,219626.49
2881,2020-02,region_144,brand_12_market,216893.69
2882,2020-03,region_144,brand_12_market,215034.37
2883,2020-04,region_144,brand_12_market,213175.05
2884,2020-05,region_144,brand_12_market,202390.67
2885,2020-06,region_144,brand_12_market,219547.97
2886,2020-07,region_144,brand_12_market,222265.56
2887,2020-08,region_144,brand_12_market,182088.64
2888,2020-09,region_144,brand_12_market,222785.29
2889,2020-10,region_144,brand_12_market,222519.58
2890,2020-11,region_144,brand_12_market,226146.3
2891,2020-12,region_144,brand_12_market,238438.78
2892,2021-01,region_144,brand_12_market,206602.61
2893,2021-02,region_144,brand_12_market,212669.34
2894,2021-03,region_144,brand_12_market,254747.65
2895,2021-04,region_144,brand_12_market,234515.69
2896,2021-05,region_144,brand_12_market,208982.78
2897,2021-06,region_144,brand_12_market,246869.95
2898,2021-07,region_144,brand_12_market,267188.46
2899,2021-08,region_144,brand_12_market,213530.17
2900,2020-01,region_145,brand_12_market,346977.13
2901,2020-02,region_145,brand_12_market,310760.33
2902,2020-03,region_145,brand_12_market,319978.87
2903,2020-04,region_145,brand_12_market,329197.41
2904,2020-05,region_145,brand_12_market,306406.56
2905,2020-06,region_145,brand_12_market,345948.08
2906,2020-07,region_145,brand_12_market,327972.24
2907,2020-08,region_145,brand_12_market,336318.67
2908,2020-09,region_145,brand_12_market,351574.8
2909,2020-10,region_145,brand_12_market,353958.77
2910,2020-11,region_145,brand_12_market,362724.39
2911,2020-12,region_145,brand_12_market,397093.2
2912,2021-01,region_145,brand_12_market,330935.99
2913,2021-02,region_145,brand_12_market,324101.2
2914,2021-03,region_145,brand_12_market,392229.9
2915,2021-04,region_145,brand_12_market,378224.44
2916,2021-05,region_145,brand_12_market,351460.34
2917,2021-06,region_145,brand_12_market,379216.46
2918,2021-07,region_145,brand_12_market,374789.87
2919,2021-08,region_145,brand_12_market,366187.05
2920,2020-01,region_146,brand_12_market,228383.85
2921,2020-02,region_146,brand_12_market,202036.09
2922,2020-03,region_146,brand_12_market,213248.985
2923,2020-04,region_146,brand_12_market,224461.88
2924,2020-05,region_146,brand_12_market,219086.56
2925,2020-06,region_146,brand_12_market,215786.39
2926,2020-07,region_146,brand_12_market,226255.11
2927,2020-08,region_146,brand_12_market,208141.56
2928,2020-09,region_146,brand_12_market,220836.43
2929,2020-10,region_146,brand_12_market,237143.61
2930,2020-11,region_146,brand_12_market,227418.98
2931,2020-12,region_146,brand_12_market,243138.24
2932,2021-01,region_146,brand_12_market,219416.37
2933,2021-02,region_146,brand_12_market,218538.0
2934,2021-03,region_146,brand_12_market,263234.05
2935,2021-04,region_146,brand_12_market,265097.21
2936,2021-05,region_146,brand_12_market,240064.92
2937,2021-06,region_146,brand_12_market,255591.08
2938,2021-07,region_146,brand_12_market,258674.61
2939,2021-08,region_146,brand_12_market,233307.18
2940,2020-01,region_147,brand_12_market,299887.94
2941,2020-02,region_147,brand_12_market,288396.77
2942,2020-03,region_147,brand_12_market,290778.745
2943,2020-04,region_147,brand_12_market,293160.72
2944,2020-05,region_147,brand_12_market,256776.94
2945,2020-06,region_147,brand_12_market,277288.24
2946,2020-07,region_147,brand_12_market,278995.26
2947,2020-08,region_147,brand_12_market,243202.23
2948,2020-09,region_147,brand_12_market,276642.18
2949,2020-10,region_147,brand_12_market,310484.28
2950,2020-11,region_147,brand_12_market,311896.26
2951,2020-12,region_147,brand_12_market,310970.0
2952,2021-01,region_147,brand_12_market,275827.05
2953,2021-02,region_147,brand_12_market,290045.43
2954,2021-03,region_147,brand_12_market,348297.17
2955,2021-04,region_147,brand_12_market,338920.57
2956,2021-05,region_147,brand_12_market,319102.13
2957,2021-06,region_147,brand_12_market,311899.93
2958,2021-07,region_147,brand_12_market,348356.18
2959,2021-08,region_147,brand_12_market,297469.1
2960,2020-01,region_148,brand_12_market,315798.02
2961,2020-02,region_148,brand_12_market,277858.81
2962,2020-03,region_148,brand_12_market,293896.76
2963,2020-04,region_148,brand_12_market,309934.71
2964,2020-05,region_148,brand_12_market,283450.66
2965,2020-06,region_148,brand_12_market,266064.49
2966,2020-07,region_148,brand_12_market,324352.56
2967,2020-08,region_148,brand_12_market,233826.9
2968,2020-09,region_148,brand_12_market,287202.23
2969,2020-10,region_148,brand_12_market,364077.28
2970,2020-11,region_148,brand_12_market,307825.26
2971,2020-12,region_148,brand_12_market,342398.96
2972,2021-01,region_148,brand_12_market,300396.33
2973,2021-02,region_148,brand_12_market,296400.58
2974,2021-03,region_148,brand_12_market,378464.88
2975,2021-04,region_148,brand_12_market,359799.51
2976,2021-05,region_148,brand_12_market,313489.17
2977,2021-06,region_148,brand_12_market,341369.84
2978,2021-07,region_148,brand_12_market,393981.74
2979,2021-08,region_148,brand_12_market,281741.8
2980,2020-01,region_149,brand_12_market,399614.04
2981,2020-02,region_149,brand_12_market,351896.47
2982,2020-03,region_149,brand_12_market,378181.285
2983,2020-04,region_149,brand_12_market,404466.1
2984,2020-05,region_149,brand_12_market,343933.45
2985,2020-06,region_149,brand_12_market,365974.91
2986,2020-07,region_149,brand_12_market,374432.64
2987,2020-08,region_149,brand_12_market,348900.64
2988,2020-09,region_149,brand_12_market,357723.11
2989,2020-10,region_149,brand_12_market,405388.31
2990,2020-11,region_149,brand_12_market,395212.34
2991,2020-12,region_149,brand_12_market,406509.52
2992,2021-01,region_149,brand_12_market,381265.31
2993,2021-02,region_149,brand_12_market,372867.82
2994,2021-03,region_149,brand_12_market,423116.29
2995,2021-04,region_149,brand_12_market,444181.21
2996,2021-05,region_149,brand_12_market,403751.63
2997,2021-06,region_149,brand_12_market,393203.67
2998,2021-07,region_149,brand_12_market,404574.72
2999,2021-08,region_149,brand_12_market,383543.36
3000,2020-01,region_150,brand_12_market,488608.37
3001,2020-02,region_150,brand_12_market,429681.83
3002,2020-03,region_150,brand_12_market,453739.76
3003,2020-04,region_150,brand_12_market,477797.69
3004,2020-05,region_150,brand_12_market,437795.34
3005,2020-06,region_150,brand_12_market,456669.25
3006,2020-07,region_150,brand_12_market,441778.03
3007,2020-08,region_150,brand_12_market,415620.5
3008,2020-09,region_150,brand_12_market,465974.87
3009,2020-10,region_150,brand_12_market,483238.94
3010,2020-11,region_150,brand_12_market,486630.69
3011,2020-12,region_150,brand_12_market,507225.98
3012,2021-01,region_150,brand_12_market,451773.87
3013,2021-02,region_150,brand_12_market,434999.68
3014,2021-03,region_150,brand_12_market,529470.14
3015,2021-04,region_150,brand_12_market,531169.72
3016,2021-05,region_150,brand_12_market,457310.92
3017,2021-06,region_150,brand_12_market,503561.56
3018,2021-07,region_150,brand_12_market,528308.95
3019,2021-08,region_150,brand_12_market,432081.05
3020,2020-01,region_151,brand_12_market,213189.25
3021,2020-02,region_151,brand_12_market,182081.4
3022,2020-03,region_151,brand_12_market,188621.24
3023,2020-04,region_151,brand_12_market,195161.08
3024,2020-05,region_151,brand_12_market,179104.87
3025,2020-06,region_151,brand_12_market,188023.23
3026,2020-07,region_151,brand_12_market,212777.53
3027,2020-08,region_151,brand_12_market,166766.21
3028,2020-09,region_151,brand_12_market,196588.63
3029,2020-10,region_151,brand_12_market,221102.67
3030,2020-11,region_151,brand_12_market,188318.94
3031,2020-12,region_151,brand_12_market,226453.77
3032,2021-01,region_151,brand_12_market,190923.73
3033,2021-02,region_151,brand_12_market,193173.29
3034,2021-03,region_151,brand_12_market,226620.01
3035,2021-04,region_151,brand_12_market,235207.48
3036,2021-05,region_151,brand_12_market,202965.45
3037,2021-06,region_151,brand_12_market,225832.68
3038,2021-07,region_151,brand_12_market,240671.69
3039,2021-08,region_151,brand_12_market,210280.75
3040,2020-01,region_152,brand_12_market,188121.51
3041,2020-02,region_152,brand_12_market,157781.48
3042,2020-03,region_152,brand_12_market,168185.28
3043,2020-04,region_152,brand_12_market,178589.08
3044,2020-05,region_152,brand_12_market,160820.41
3045,2020-06,region_152,brand_12_market,175940.86
3046,2020-07,region_152,brand_12_market,186175.12
3047,2020-08,region_152,brand_12_market,148934.66
3048,2020-09,region_152,brand_12_market,180692.67
3049,2020-10,region_152,brand_12_market,182607.62
3050,2020-11,region_152,brand_12_market,183431.3
3051,2020-12,region_152,brand_12_market,205262.99
3052,2021-01,region_152,brand_12_market,181758.07
3053,2021-02,region_152,brand_12_market,157162.19
3054,2021-03,region_152,brand_12_market,198603.98
3055,2021-04,region_152,brand_12_market,198222.92
3056,2021-05,region_152,brand_12_market,178828.78
3057,2021-06,region_152,brand_12_market,189686.78
3058,2021-07,region_152,brand_12_market,203469.13
3059,2021-08,region_152,brand_12_market,167137.82
3060,2020-01,region_153,brand_12_market,345835.48
3061,2020-02,region_153,brand_12_market,334680.0
3062,2020-03,region_153,brand_12_market,346831.615
3063,2020-04,region_153,brand_12_market,358983.23
3064,2020-05,region_153,brand_12_market,292525.92
3065,2020-06,region_153,brand_12_market,310952.46
3066,2020-07,region_153,brand_12_market,373127.64
3067,2020-08,region_153,brand_12_market,273359.5
3068,2020-09,region_153,brand_12_market,318730.88
3069,2020-10,region_153,brand_12_market,399429.07
3070,2020-11,region_153,brand_12_market,339423.94
3071,2020-12,region_153,brand_12_market,373414.06
3072,2021-01,region_153,brand_12_market,327310.76
3073,2021-02,region_153,brand_12_market,348874.69
3074,2021-03,region_153,brand_12_market,394871.55
3075,2021-04,region_153,brand_12_market,400641.55
3076,2021-05,region_153,brand_12_market,354559.1
3077,2021-06,region_153,brand_12_market,363399.31
3078,2021-07,region_153,brand_12_market,431076.96
3079,2021-08,region_153,brand_12_market,359216.85
3080,2020-01,region_154,brand_12_market,371244.39
3081,2020-02,region_154,brand_12_market,364722.63
3082,2020-03,region_154,brand_12_market,373496.435
3083,2020-04,region_154,brand_12_market,382270.24
3084,2020-05,region_154,brand_12_market,350892.42
3085,2020-06,region_154,brand_12_market,353066.3
3086,2020-07,region_154,brand_12_market,355370.27
3087,2020-08,region_154,brand_12_market,362469.73
3088,2020-09,region_154,brand_12_market,392511.89
3089,2020-10,region_154,brand_12_market,440509.65
3090,2020-11,region_154,brand_12_market,431299.98
3091,2020-12,region_154,brand_12_market,428477.57
3092,2021-01,region_154,brand_12_market,384924.44
3093,2021-02,region_154,brand_12_market,388156.54
3094,2021-03,region_154,brand_12_market,456150.08
3095,2021-04,region_154,brand_12_market,499954.44
3096,2021-05,region_154,brand_12_market,432417.8
3097,2021-06,region_154,brand_12_market,463353.44
3098,2021-07,region_154,brand_12_market,408799.05
3099,2021-08,region_154,brand_12_market,415026.6
3100,2020-01,region_155,brand_12_market,293474.6
3101,2020-02,region_155,brand_12_market,275417.58
3102,2020-03,region_155,brand_12_market,275126.79500000004
3103,2020-04,region_155,brand_12_market,274836.01
3104,2020-05,region_155,brand_12_market,271791.23
3105,2020-06,region_155,brand_12_market,275181.86
3106,2020-07,region_155,brand_12_market,281877.95
3107,2020-08,region_155,brand_12_market,262511.5
3108,2020-09,region_155,brand_12_market,296356.13
3109,2020-10,region_155,brand_12_market,321045.25
3110,2020-11,region_155,brand_12_market,289876.37
3111,2020-12,region_155,brand_12_market,316663.01
3112,2021-01,region_155,brand_12_market,289126.71
3113,2021-02,region_155,brand_12_market,275372.58
3114,2021-03,region_155,brand_12_market,334015.25
3115,2021-04,region_155,brand_12_market,325619.44
3116,2021-05,region_155,brand_12_market,300688.6
3117,2021-06,region_155,brand_12_market,308989.06
3118,2021-07,region_155,brand_12_market,349699.38
3119,2021-08,region_155,brand_12_market,283064.71
3120,2020-01,region_156,brand_12_market,230087.35
3121,2020-02,region_156,brand_12_market,208939.18
3122,2020-03,region_156,brand_12_market,212538.55
3123,2020-04,region_156,brand_12_market,216137.92
3124,2020-05,region_156,brand_12_market,195326.89
3125,2020-06,region_156,brand_12_market,204803.33
3126,2020-07,region_156,brand_12_market,214249.69
3127,2020-08,region_156,brand_12_market,192705.35
3128,2020-09,region_156,brand_12_market,207144.39
3129,2020-10,region_156,brand_12_market,237374.3
3130,2020-11,region_156,brand_12_market,218192.54
3131,2020-12,region_156,brand_12_market,241168.16
3132,2021-01,region_156,brand_12_market,217151.41
3133,2021-02,region_156,brand_12_market,206716.81
3134,2021-03,region_156,brand_12_market,253125.44
3135,2021-04,region_156,brand_12_market,244006.95
3136,2021-05,region_156,brand_12_market,215473.02
3137,2021-06,region_156,brand_12_market,219420.43
3138,2021-07,region_156,brand_12_market,255076.32
3139,2021-08,region_156,brand_12_market,210173.01
3140,2020-01,region_157,brand_12_market,396751.84
3141,2020-02,region_157,brand_12_market,356239.66
3142,2020-03,region_157,brand_12_market,383248.275
3143,2020-04,region_157,brand_12_market,410256.89
3144,2020-05,region_157,brand_12_market,359344.07
3145,2020-06,region_157,brand_12_market,368475.39
3146,2020-07,region_157,brand_12_market,374417.08
3147,2020-08,region_157,brand_12_market,370640.17
3148,2020-09,region_157,brand_12_market,375118.61
3149,2020-10,region_157,brand_12_market,420435.76
3150,2020-11,region_157,brand_12_market,414888.39
3151,2020-12,region_157,brand_12_market,425285.26
3152,2021-01,region_157,brand_12_market,422201.91
3153,2021-02,region_157,brand_12_market,403507.4
3154,2021-03,region_157,brand_12_market,458790.03
3155,2021-04,region_157,brand_12_market,480119.99
3156,2021-05,region_157,brand_12_market,420314.4
3157,2021-06,region_157,brand_12_market,454110.02
3158,2021-07,region_157,brand_12_market,470959.36
3159,2021-08,region_157,brand_12_market,430986.54
3160,2020-01,region_158,brand_12_market,283147.83
3161,2020-02,region_158,brand_12_market,241864.14
3162,2020-03,region_158,brand_12_market,268149.47
3163,2020-04,region_158,brand_12_market,294434.8
3164,2020-05,region_158,brand_12_market,254428.73
3165,2020-06,region_158,brand_12_market,245349.05
3166,2020-07,region_158,brand_12_market,269197.29
3167,2020-08,region_158,brand_12_market,245878.38
3168,2020-09,region_158,brand_12_market,232567.64
3169,2020-10,region_158,brand_12_market,293369.5
3170,2020-11,region_158,brand_12_market,268430.03
3171,2020-12,region_158,brand_12_market,271610.36
3172,2021-01,region_158,brand_12_market,277534.5
3173,2021-02,region_158,brand_12_market,264643.56
3174,2021-03,region_158,brand_12_market,286353.34
3175,2021-04,region_158,brand_12_market,327274.51
3176,2021-05,region_158,brand_12_market,272225.42
3177,2021-06,region_158,brand_12_market,275502.86
3178,2021-07,region_158,brand_12_market,310196.56
3179,2021-08,region_158,brand_12_market,279617.59
3180,2020-01,region_159,brand_12_market,350480.79
3181,2020-02,region_159,brand_12_market,283257.34
3182,2020-03,region_159,brand_12_market,305112.41500000004
3183,2020-04,region_159,brand_12_market,326967.49
3184,2020-05,region_159,brand_12_market,313480.03
3185,2020-06,region_159,brand_12_market,307851.18
3186,2020-07,region_159,brand_12_market,347561.22
3187,2020-08,region_159,brand_12_market,278805.27
3188,2020-09,region_159,brand_12_market,319502.15
3189,2020-10,region_159,brand_12_market,349478.18
3190,2020-11,region_159,brand_12_market,388290.91
3191,2020-12,region_159,brand_12_market,360145.8
3192,2021-01,region_159,brand_12_market,343802.77
3193,2021-02,region_159,brand_12_market,322279.9
3194,2021-03,region_159,brand_12_market,368609.29
3195,2021-04,region_159,brand_12_market,391142.69
3196,2021-05,region_159,brand_12_market,356983.12
3197,2021-06,region_159,brand_12_market,337326.73
3198,2021-07,region_159,brand_12_market,417205.48
3199,2021-08,region_159,brand_12_market,297346.18
3200,2020-01,region_160,brand_12_market,284773.77
3201,2020-02,region_160,brand_12_market,300932.02
3202,2020-03,region_160,brand_12_market,300044.68000000005
3203,2020-04,region_160,brand_12_market,299157.34
3204,2020-05,region_160,brand_12_market,274972.5
3205,2020-06,region_160,brand_12_market,301085.17
3206,2020-07,region_160,brand_12_market,305739.28
3207,2020-08,region_160,brand_12_market,275529.9
3208,2020-09,region_160,brand_12_market,287409.57
3209,2020-10,region_160,brand_12_market,331497.05
3210,2020-11,region_160,brand_12_market,318568.92
3211,2020-12,region_160,brand_12_market,333891.44
3212,2021-01,region_160,brand_12_market,297314.04
3213,2021-02,region_160,brand_12_market,300874.92
3214,2021-03,region_160,brand_12_market,348083.8
3215,2021-04,region_160,brand_12_market,345074.46
3216,2021-05,region_160,brand_12_market,332230.22
3217,2021-06,region_160,brand_12_market,314063.93
3218,2021-07,region_160,brand_12_market,379410.47
3219,2021-08,region_160,brand_12_market,285998.54
3220,2020-01,region_161,brand_12_market,146889.37
3221,2020-02,region_161,brand_12_market,142552.15
3222,2020-03,region_161,brand_12_market,151765.71
3223,2020-04,region_161,brand_12_market,160979.27
3224,2020-05,region_161,brand_12_market,130959.52
3225,2020-06,region_161,brand_12_market,113582.12
3226,2020-07,region_161,brand_12_market,151997.56
3227,2020-08,region_161,brand_12_market,107253.36
3228,2020-09,region_161,brand_12_market,128102.35
3229,2020-10,region_161,brand_12_market,149521.1
3230,2020-11,region_161,brand_12_market,150209.86
3231,2020-12,region_161,brand_12_market,156636.19
3232,2021-01,region_161,brand_12_market,135734.17
3233,2021-02,region_161,brand_12_market,138810.47
3234,2021-03,region_161,brand_12_market,164245.55
3235,2021-04,region_161,brand_12_market,195738.45
3236,2021-05,region_161,brand_12_market,134645.7
3237,2021-06,region_161,brand_12_market,141792.68
3238,2021-07,region_161,brand_12_market,185840.57
3239,2021-08,region_161,brand_12_market,114891.83
3240,2020-01,region_162,brand_12_market,252991.08
3241,2020-02,region_162,brand_12_market,224525.09
3242,2020-03,region_162,brand_12_market,234013.385
3243,2020-04,region_162,brand_12_market,243501.68
3244,2020-05,region_162,brand_12_market,210562.81
3245,2020-06,region_162,brand_12_market,228120.94
3246,2020-07,region_162,brand_12_market,215278.96
3247,2020-08,region_162,brand_12_market,225211.49
3248,2020-09,region_162,brand_12_market,228663.1
3249,2020-10,region_162,brand_12_market,240228.92
3250,2020-11,region_162,brand_12_market,250294.08
3251,2020-12,region_162,brand_12_market,264009.9
3252,2021-01,region_162,brand_12_market,242001.42
3253,2021-02,region_162,brand_12_market,231758.34
3254,2021-03,region_162,brand_12_market,278799.98
3255,2021-04,region_162,brand_12_market,273661.45
3256,2021-05,region_162,brand_12_market,250193.78
3257,2021-06,region_162,brand_12_market,271403.41
3258,2021-07,region_162,brand_12_market,262913.54
3259,2021-08,region_162,brand_12_market,265206.68
3260,2020-01,region_163,brand_12_market,320118.08
3261,2020-02,region_163,brand_12_market,288723.88
3262,2020-03,region_163,brand_12_market,294911.345
3263,2020-04,region_163,brand_12_market,301098.81
3264,2020-05,region_163,brand_12_market,297320.02
3265,2020-06,region_163,brand_12_market,312703.15
3266,2020-07,region_163,brand_12_market,355219.96
3267,2020-08,region_163,brand_12_market,259243.61
3268,2020-09,region_163,brand_12_market,308562.85
3269,2020-10,region_163,brand_12_market,343433.72
3270,2020-11,region_163,brand_12_market,347779.71
3271,2020-12,region_163,brand_12_market,331525.9
3272,2021-01,region_163,brand_12_market,329270.44
3273,2021-02,region_163,brand_12_market,297763.24
3274,2021-03,region_163,brand_12_market,356560.49
3275,2021-04,region_163,brand_12_market,372274.13
3276,2021-05,region_163,brand_12_market,349661.29
3277,2021-06,region_163,brand_12_market,348519.06
3278,2021-07,region_163,brand_12_market,404098.96
3279,2021-08,region_163,brand_12_market,284585.66
3280,2020-01,region_164,brand_12_market,436292.2
3281,2020-02,region_164,brand_12_market,423653.3
3282,2020-03,region_164,brand_12_market,463064.335
3283,2020-04,region_164,brand_12_market,502475.37
3284,2020-05,region_164,brand_12_market,426347.66
3285,2020-06,region_164,brand_12_market,438812.45
3286,2020-07,region_164,brand_12_market,461404.82
3287,2020-08,region_164,brand_12_market,424038.13
3288,2020-09,region_164,brand_12_market,436675.47
3289,2020-10,region_164,brand_12_market,516159.43
3290,2020-11,region_164,brand_12_market,487344.66
3291,2020-12,region_164,brand_12_market,504453.84
3292,2021-01,region_164,brand_12_market,470060.58
3293,2021-02,region_164,brand_12_market,461173.93
3294,2021-03,region_164,brand_12_market,553557.33
3295,2021-04,region_164,brand_12_market,567588.51
3296,2021-05,region_164,brand_12_market,509727.92
3297,2021-06,region_164,brand_12_market,500689.29
3298,2021-07,region_164,brand_12_market,544337.67
3299,2021-08,region_164,brand_12_market,511102.54
3300,2020-01,region_165,brand_12_market,450378.19
3301,2020-02,region_165,brand_12_market,375474.81
3302,2020-03,region_165,brand_12_market,404119.065
3303,2020-04,region_165,brand_12_market,432763.32
3304,2020-05,region_165,brand_12_market,416270.94
3305,2020-06,region_165,brand_12_market,441285.16
3306,2020-07,region_165,brand_12_market,400142.3
3307,2020-08,region_165,brand_12_market,432644.15
3308,2020-09,region_165,brand_12_market,467656.39
3309,2020-10,region_165,brand_12_market,486727.32
3310,2020-11,region_165,brand_12_market,480241.68
3311,2020-12,region_165,brand_12_market,475241.0
3312,2021-01,region_165,brand_12_market,489194.21
3313,2021-02,region_165,brand_12_market,438345.35
3314,2021-03,region_165,brand_12_market,532234.81
3315,2021-04,region_165,brand_12_market,505165.93
3316,2021-05,region_165,brand_12_market,484962.12
3317,2021-06,region_165,brand_12_market,518072.98
3318,2021-07,region_165,brand_12_market,444949.61
3319,2021-08,region_165,brand_12_market,518389.93
3320,2020-01,region_166,brand_12_market,184057.08
3321,2020-02,region_166,brand_12_market,168338.73
3322,2020-03,region_166,brand_12_market,178732.96000000002
3323,2020-04,region_166,brand_12_market,189127.19
3324,2020-05,region_166,brand_12_market,158507.64
3325,2020-06,region_166,brand_12_market,162920.86
3326,2020-07,region_166,brand_12_market,190859.75
3327,2020-08,region_166,brand_12_market,145379.59
3328,2020-09,region_166,brand_12_market,166018.64
3329,2020-10,region_166,brand_12_market,194211.83
3330,2020-11,region_166,brand_12_market,175897.61
3331,2020-12,region_166,brand_12_market,206415.48
3332,2021-01,region_166,brand_12_market,170429.02
3333,2021-02,region_166,brand_12_market,168757.78
3334,2021-03,region_166,brand_12_market,203722.38
3335,2021-04,region_166,brand_12_market,205929.79
3336,2021-05,region_166,brand_12_market,184779.34
3337,2021-06,region_166,brand_12_market,189265.54
3338,2021-07,region_166,brand_12_market,207209.86
3339,2021-08,region_166,brand_12_market,179117.04
3340,2020-01,region_167,brand_12_market,266839.79
3341,2020-02,region_167,brand_12_market,248180.51
3342,2020-03,region_167,brand_12_market,255271.325
3343,2020-04,region_167,brand_12_market,262362.14
3344,2020-05,region_167,brand_12_market,231373.5
3345,2020-06,region_167,brand_12_market,225970.36
3346,2020-07,region_167,brand_12_market,267383.18
3347,2020-08,region_167,brand_12_market,193641.08
3348,2020-09,region_167,brand_12_market,240399.98
3349,2020-10,region_167,brand_12_market,255285.1
3350,2020-11,region_167,brand_12_market,241532.92
3351,2020-12,region_167,brand_12_market,275505.06
3352,2021-01,region_167,brand_12_market,228329.04
3353,2021-02,region_167,brand_12_market,234355.96
3354,2021-03,region_167,brand_12_market,268554.45
3355,2021-04,region_167,brand_12_market,284771.14
3356,2021-05,region_167,brand_12_market,240667.49
3357,2021-06,region_167,brand_12_market,265794.83
3358,2021-07,region_167,brand_12_market,283590.36
3359,2021-08,region_167,brand_12_market,250603.15
3360,2020-01,region_168,brand_12_market,368358.08
3361,2020-02,region_168,brand_12_market,340659.68
3362,2020-03,region_168,brand_12_market,345623.815
3363,2020-04,region_168,brand_12_market,350587.95
3364,2020-05,region_168,brand_12_market,318622.63
3365,2020-06,region_168,brand_12_market,330721.75
3366,2020-07,region_168,brand_12_market,314371.37
3367,2020-08,region_168,brand_12_market,333274.38
3368,2020-09,region_168,brand_12_market,329849.93
3369,2020-10,region_168,brand_12_market,361845.64
3370,2020-11,region_168,brand_12_market,377949.17
3371,2020-12,region_168,brand_12_market,387263.15
3372,2021-01,region_168,brand_12_market,360528.22
3373,2021-02,region_168,brand_12_market,348810.89
3374,2021-03,region_168,brand_12_market,424845.51
3375,2021-04,region_168,brand_12_market,419249.05
3376,2021-05,region_168,brand_12_market,371033.95
3377,2021-06,region_168,brand_12_market,389340.76
3378,2021-07,region_168,brand_12_market,388825.05
3379,2021-08,region_168,brand_12_market,370265.34
3380,2020-01,region_169,brand_12_market,233400.36
3381,2020-02,region_169,brand_12_market,208194.12
3382,2020-03,region_169,brand_12_market,224450.35
3383,2020-04,region_169,brand_12_market,240706.58
3384,2020-05,region_169,brand_12_market,212993.84
3385,2020-06,region_169,brand_12_market,214090.79
3386,2020-07,region_169,brand_12_market,223257.11
3387,2020-08,region_169,brand_12_market,206569.7
3388,2020-09,region_169,brand_12_market,233082.02
3389,2020-10,region_169,brand_12_market,243797.5
3390,2020-11,region_169,brand_12_market,237111.76
3391,2020-12,region_169,brand_12_market,258383.66
3392,2021-01,region_169,brand_12_market,215673.36
3393,2021-02,region_169,brand_12_market,207900.84
3394,2021-03,region_169,brand_12_market,251035.13
3395,2021-04,region_169,brand_12_market,254883.67
3396,2021-05,region_169,brand_12_market,226091.56
3397,2021-06,region_169,brand_12_market,228664.15
3398,2021-07,region_169,brand_12_market,247985.04
3399,2021-08,region_169,brand_12_market,209613.67
3400,2020-01,region_170,brand_12_market,367099.87
3401,2020-02,region_170,brand_12_market,322480.71
3402,2020-03,region_170,brand_12_market,341516.365
3403,2020-04,region_170,brand_12_market,360552.02
3404,2020-05,region_170,brand_12_market,313454.27
3405,2020-06,region_170,brand_12_market,381895.93
3406,2020-07,region_170,brand_12_market,420445.19
3407,2020-08,region_170,brand_12_market,279992.89
3408,2020-09,region_170,brand_12_market,373566.43
3409,2020-10,region_170,brand_12_market,374110.79
3410,2020-11,region_170,brand_12_market,386104.4
3411,2020-12,region_170,brand_12_market,383289.2
3412,2021-01,region_170,brand_12_market,342764.49
3413,2021-02,region_170,brand_12_market,349739.15
3414,2021-03,region_170,brand_12_market,434357.31
3415,2021-04,region_170,brand_12_market,398919.14
3416,2021-05,region_170,brand_12_market,370078.64
3417,2021-06,region_170,brand_12_market,442410.61
3418,2021-07,region_170,brand_12_market,474793.57
3419,2021-08,region_170,brand_12_market,329974.26
3420,2020-01,region_171,brand_12_market,232276.26
3421,2020-02,region_171,brand_12_market,201301.71
3422,2020-03,region_171,brand_12_market,222096.59
3423,2020-04,region_171,brand_12_market,242891.47
3424,2020-05,region_171,brand_12_market,194666.48
3425,2020-06,region_171,brand_12_market,216927.13
3426,2020-07,region_171,brand_12_market,222781.49
3427,2020-08,region_171,brand_12_market,209799.69
3428,2020-09,region_171,brand_12_market,228398.8
3429,2020-10,region_171,brand_12_market,242783.7
3430,2020-11,region_171,brand_12_market,234268.6
3431,2020-12,region_171,brand_12_market,244834.85
3432,2021-01,region_171,brand_12_market,242271.81
3433,2021-02,region_171,brand_12_market,226433.57
3434,2021-03,region_171,brand_12_market,261554.49
3435,2021-04,region_171,brand_12_market,272962.55
3436,2021-05,region_171,brand_12_market,241285.52
3437,2021-06,region_171,brand_12_market,258148.85
3438,2021-07,region_171,brand_12_market,268504.51
3439,2021-08,region_171,brand_12_market,251046.28
3440,2020-01,region_172,brand_12_market,205785.87
3441,2020-02,region_172,brand_12_market,195378.7
3442,2020-03,region_172,brand_12_market,196171.315
3443,2020-04,region_172,brand_12_market,196963.93
3444,2020-05,region_172,brand_12_market,185342.38
3445,2020-06,region_172,brand_12_market,197440.33
3446,2020-07,region_172,brand_12_market,207763.06
3447,2020-08,region_172,brand_12_market,169178.88
3448,2020-09,region_172,brand_12_market,201493.64
3449,2020-10,region_172,brand_12_market,198586.39
3450,2020-11,region_172,brand_12_market,208104.63
3451,2020-12,region_172,brand_12_market,212394.97
3452,2021-01,region_172,brand_12_market,191167.54
3453,2021-02,region_172,brand_12_market,193323.03
3454,2021-03,region_172,brand_12_market,233159.38
3455,2021-04,region_172,brand_12_market,231016.11
3456,2021-05,region_172,brand_12_market,204770.72
3457,2021-06,region_172,brand_12_market,228150.05
3458,2021-07,region_172,brand_12_market,258082.92
3459,2021-08,region_172,brand_12_market,196911.09
3460,2020-01,region_173,brand_12_market,483606.7
3461,2020-02,region_173,brand_12_market,455132.81
3462,2020-03,region_173,brand_12_market,458880.99
3463,2020-04,region_173,brand_12_market,462629.17
3464,2020-05,region_173,brand_12_market,433010.61
3465,2020-06,region_173,brand_12_market,457736.0
3466,2020-07,region_173,brand_12_market,448769.58
3467,2020-08,region_173,brand_12_market,468286.25
3468,2020-09,region_173,brand_12_market,467043.06
3469,2020-10,region_173,brand_12_market,489426.08
3470,2020-11,region_173,brand_12_market,533499.84
3471,2020-12,region_173,brand_12_market,531124.18
3472,2021-01,region_173,brand_12_market,484747.59
3473,2021-02,region_173,brand_12_market,480579.22
3474,2021-03,region_173,brand_12_market,549221.78
3475,2021-04,region_173,brand_12_market,548875.35
3476,2021-05,region_173,brand_12_market,520194.64
3477,2021-06,region_173,brand_12_market,528147.9
3478,2021-07,region_173,brand_12_market,538092.47
3479,2021-08,region_173,brand_12_market,515369.81
3480,2020-01,region_174,brand_12_market,454557.09
3481,2020-02,region_174,brand_12_market,429036.85
3482,2020-03,region_174,brand_12_market,424791.525
3483,2020-04,region_174,brand_12_market,420546.2
3484,2020-05,region_174,brand_12_market,404420.97
3485,2020-06,region_174,brand_12_market,447228.97
3486,2020-07,region_174,brand_12_market,425796.2
3487,2020-08,region_174,brand_12_market,435936.17
3488,2020-09,region_174,brand_12_market,468322.75
3489,2020-10,region_174,brand_12_market,460673.39
3490,2020-11,region_174,brand_12_market,469960.87
3491,2020-12,region_174,brand_12_market,487797.6
3492,2021-01,region_174,brand_12_market,432843.64
3493,2021-02,region_174,brand_12_market,430049.14
3494,2021-03,region_174,brand_12_market,507332.5
3495,2021-04,region_174,brand_12_market,465982.2
3496,2021-05,region_174,brand_12_market,441081.3
3497,2021-06,region_174,brand_12_market,487021.43
3498,2021-07,region_174,brand_12_market,434933.92
3499,2021-08,region_174,brand_12_market,509038.19
3500,2020-01,region_175,brand_12_market,331993.51
3501,2020-02,region_175,brand_12_market,311030.41
3502,2020-03,region_175,brand_12_market,317581.24
3503,2020-04,region_175,brand_12_market,324132.07
3504,2020-05,region_175,brand_12_market,277075.42
3505,2020-06,region_175,brand_12_market,292185.25
3506,2020-07,region_175,brand_12_market,328600.73
3507,2020-08,region_175,brand_12_market,275834.35
3508,2020-09,region_175,brand_12_market,328065.4
3509,2020-10,region_175,brand_12_market,353111.5
3510,2020-11,region_175,brand_12_market,327872.89
3511,2020-12,region_175,brand_12_market,345072.07
3512,2021-01,region_175,brand_12_market,330321.9
3513,2021-02,region_175,brand_12_market,307280.9
3514,2021-03,region_175,brand_12_market,372917.59
3515,2021-04,region_175,brand_12_market,371195.24
3516,2021-05,region_175,brand_12_market,329744.15
3517,2021-06,region_175,brand_12_market,341920.04
3518,2021-07,region_175,brand_12_market,385808.95
3519,2021-08,region_175,brand_12_market,299192.56
3520,2020-01,region_176,brand_12_market,321383.88
3521,2020-02,region_176,brand_12_market,297537.09
3522,2020-03,region_176,brand_12_market,295619.275
3523,2020-04,region_176,brand_12_market,293701.46
3524,2020-05,region_176,brand_12_market,269237.82
3525,2020-06,region_176,brand_12_market,312257.07
3526,2020-07,region_176,brand_12_market,290099.91
3527,2020-08,region_176,brand_12_market,304904.12
3528,2020-09,region_176,brand_12_market,311449.89
3529,2020-10,region_176,brand_12_market,320722.24
3530,2020-11,region_176,brand_12_market,325388.58
3531,2020-12,region_176,brand_12_market,335728.44
3532,2021-01,region_176,brand_12_market,297865.03
3533,2021-02,region_176,brand_12_market,292244.26
3534,2021-03,region_176,brand_12_market,354021.01
3535,2021-04,region_176,brand_12_market,325668.78
3536,2021-05,region_176,brand_12_market,309989.02
3537,2021-06,region_176,brand_12_market,337529.25
3538,2021-07,region_176,brand_12_market,304236.76
3539,2021-08,region_176,brand_12_market,352426.66
3540,2020-01,region_177,brand_12_market,372538.36
3541,2020-02,region_177,brand_12_market,327283.38
3542,2020-03,region_177,brand_12_market,345860.55
3543,2020-04,region_177,brand_12_market,364437.72
3544,2020-05,region_177,brand_12_market,333721.79
3545,2020-06,region_177,brand_12_market,339291.0
3546,2020-07,region_177,brand_12_market,349246.31
3547,2020-08,region_177,brand_12_market,311537.91
3548,2020-09,region_177,brand_12_market,342734.25
3549,2020-10,region_177,brand_12_market,365408.25
3550,2020-11,region_177,brand_12_market,373103.21
3551,2020-12,region_177,brand_12_market,374787.53
3552,2021-01,region_177,brand_12_market,348044.8
3553,2021-02,region_177,brand_12_market,333436.24
3554,2021-03,region_177,brand_12_market,410840.02
3555,2021-04,region_177,brand_12_market,411725.1
3556,2021-05,region_177,brand_12_market,370924.96
3557,2021-06,region_177,brand_12_market,392951.78
3558,2021-07,region_177,brand_12_market,414074.46
3559,2021-08,region_177,brand_12_market,367759.86
3560,2020-01,region_178,brand_12_market,254081.13
3561,2020-02,region_178,brand_12_market,223961.96
3562,2020-03,region_178,brand_12_market,235946.2
3563,2020-04,region_178,brand_12_market,247930.44
3564,2020-05,region_178,brand_12_market,232348.17
3565,2020-06,region_178,brand_12_market,237533.54
3566,2020-07,region_178,brand_12_market,269588.56
3567,2020-08,region_178,brand_12_market,204441.43
3568,2020-09,region_178,brand_12_market,248220.86
3569,2020-10,region_178,brand_12_market,272523.58
3570,2020-11,region_178,brand_12_market,243049.85
3571,2020-12,region_178,brand_12_market,273942.42
3572,2021-01,region_178,brand_12_market,236932.81
3573,2021-02,region_178,brand_12_market,236018.88
3574,2021-03,region_178,brand_12_market,275732.14
3575,2021-04,region_178,brand_12_market,277333.85
3576,2021-05,region_178,brand_12_market,259514.94
3577,2021-06,region_178,brand_12_market,265246.89
3578,2021-07,region_178,brand_12_market,309895.89
3579,2021-08,region_178,brand_12_market,245970.78
3580,2020-01,region_179,brand_12_market,570452.41
3581,2020-02,region_179,brand_12_market,536359.72
3582,2020-03,region_179,brand_12_market,550766.155
3583,2020-04,region_179,brand_12_market,565172.59
3584,2020-05,region_179,brand_12_market,532017.24
3585,2020-06,region_179,brand_12_market,569173.42
3586,2020-07,region_179,brand_12_market,534773.06
3587,2020-08,region_179,brand_12_market,525979.39
3588,2020-09,region_179,brand_12_market,589834.23
3589,2020-10,region_179,brand_12_market,606132.62
3590,2020-11,region_179,brand_12_market,621812.5
3591,2020-12,region_179,brand_12_market,611945.06
3592,2021-01,region_179,brand_12_market,577561.49
3593,2021-02,region_179,brand_12_market,542258.06
3594,2021-03,region_179,brand_12_market,684391.2
3595,2021-04,region_179,brand_12_market,666449.99
3596,2021-05,region_179,brand_12_market,618317.99
3597,2021-06,region_179,brand_12_market,656525.48
3598,2021-07,region_179,brand_12_market,584050.25
3599,2021-08,region_179,brand_12_market,648387.95
3600,2020-01,region_180,brand_12_market,138117.43
3601,2020-02,region_180,brand_12_market,130816.9
3602,2020-03,region_180,brand_12_market,148761.195
3603,2020-04,region_180,brand_12_market,166705.49
3604,2020-05,region_180,brand_12_market,129935.73
3605,2020-06,region_180,brand_12_market,121928.72
3606,2020-07,region_180,brand_12_market,144590.0
3607,2020-08,region_180,brand_12_market,104546.49
3608,2020-09,region_180,brand_12_market,124135.8
3609,2020-10,region_180,brand_12_market,145348.54
3610,2020-11,region_180,brand_12_market,135549.68
3611,2020-12,region_180,brand_12_market,152423.21
3612,2021-01,region_180,brand_12_market,129875.53
3613,2021-02,region_180,brand_12_market,135105.56
3614,2021-03,region_180,brand_12_market,158602.45
3615,2021-04,region_180,brand_12_market,166734.83
3616,2021-05,region_180,brand_12_market,139184.38
3617,2021-06,region_180,brand_12_market,139687.41
3618,2021-07,region_180,brand_12_market,159774.07
3619,2021-08,region_180,brand_12_market,135375.42
3620,2020-01,region_181,brand_12_market,282832.13
3621,2020-02,region_181,brand_12_market,269991.51
3622,2020-03,region_181,brand_12_market,283143.615
3623,2020-04,region_181,brand_12_market,296295.72
3624,2020-05,region_181,brand_12_market,269109.48
3625,2020-06,region_181,brand_12_market,281790.79
3626,2020-07,region_181,brand_12_market,281485.35
3627,2020-08,region_181,brand_12_market,261128.74
3628,2020-09,region_181,brand_12_market,293294.71
3629,2020-10,region_181,brand_12_market,294583.38
3630,2020-11,region_181,brand_12_market,311620.34
3631,2020-12,region_181,brand_12_market,318616.1
3632,2021-01,region_181,brand_12_market,295620.42
3633,2021-02,region_181,brand_12_market,283695.64
3634,2021-03,region_181,brand_12_market,354816.12
3635,2021-04,region_181,brand_12_market,351273.57
3636,2021-05,region_181,brand_12_market,320627.9
3637,2021-06,region_181,brand_12_market,325481.53
3638,2021-07,region_181,brand_12_market,350457.5
3639,2021-08,region_181,brand_12_market,272836.93
3640,2020-01,region_182,brand_12_market,319785.97
3641,2020-02,region_182,brand_12_market,315321.71
3642,2020-03,region_182,brand_12_market,322771.855
3643,2020-04,region_182,brand_12_market,330222.0
3644,2020-05,region_182,brand_12_market,310307.45
3645,2020-06,region_182,brand_12_market,336809.66
3646,2020-07,region_182,brand_12_market,321435.65
3647,2020-08,region_182,brand_12_market,311452.03
3648,2020-09,region_182,brand_12_market,348876.33
3649,2020-10,region_182,brand_12_market,340242.76
3650,2020-11,region_182,brand_12_market,352008.04
3651,2020-12,region_182,brand_12_market,366932.39
3652,2021-01,region_182,brand_12_market,317152.99
3653,2021-02,region_182,brand_12_market,337822.58
3654,2021-03,region_182,brand_12_market,426792.27
3655,2021-04,region_182,brand_12_market,375583.21
3656,2021-05,region_182,brand_12_market,381984.87
3657,2021-06,region_182,brand_12_market,390634.18
3658,2021-07,region_182,brand_12_market,405360.37
3659,2021-08,region_182,brand_12_market,330152.49
3660,2020-01,region_183,brand_12_market,200974.59
3661,2020-02,region_183,brand_12_market,179789.03
3662,2020-03,region_183,brand_12_market,187444.91
3663,2020-04,region_183,brand_12_market,195100.79
3664,2020-05,region_183,brand_12_market,167978.44
3665,2020-06,region_183,brand_12_market,185754.6
3666,2020-07,region_183,brand_12_market,167763.02
3667,2020-08,region_183,brand_12_market,174430.28
3668,2020-09,region_183,brand_12_market,180993.4
3669,2020-10,region_183,brand_12_market,198390.63
3670,2020-11,region_183,brand_12_market,198163.5
3671,2020-12,region_183,brand_12_market,208377.29
3672,2021-01,region_183,brand_12_market,182551.18
3673,2021-02,region_183,brand_12_market,177947.38
3674,2021-03,region_183,brand_12_market,214720.82
3675,2021-04,region_183,brand_12_market,213988.84
3676,2021-05,region_183,brand_12_market,191446.77
3677,2021-06,region_183,brand_12_market,194858.47
3678,2021-07,region_183,brand_12_market,224236.77
3679,2021-08,region_183,brand_12_market,167759.26
3680,2020-01,region_184,brand_12_market,241153.53
3681,2020-02,region_184,brand_12_market,241478.35
3682,2020-03,region_184,brand_12_market,242413.09
3683,2020-04,region_184,brand_12_market,243347.83
3684,2020-05,region_184,brand_12_market,204580.8
3685,2020-06,region_184,brand_12_market,211493.27
3686,2020-07,region_184,brand_12_market,234720.7
3687,2020-08,region_184,brand_12_market,201160.41
3688,2020-09,region_184,brand_12_market,212016.71
3689,2020-10,region_184,brand_12_market,255948.02
3690,2020-11,region_184,brand_12_market,229263.3
3691,2020-12,region_184,brand_12_market,246033.42
3692,2021-01,region_184,brand_12_market,222079.57
3693,2021-02,region_184,brand_12_market,215023.26
3694,2021-03,region_184,brand_12_market,259226.65
3695,2021-04,region_184,brand_12_market,265876.99
3696,2021-05,region_184,brand_12_market,235047.66
3697,2021-06,region_184,brand_12_market,230920.25
3698,2021-07,region_184,brand_12_market,273618.3
3699,2021-08,region_184,brand_12_market,208162.68
3700,2020-01,region_185,brand_12_market,431518.32
3701,2020-02,region_185,brand_12_market,406176.64
3702,2020-03,region_185,brand_12_market,400405.26
3703,2020-04,region_185,brand_12_market,394633.88
3704,2020-05,region_185,brand_12_market,387920.95
3705,2020-06,region_185,brand_12_market,413710.77
3706,2020-07,region_185,brand_12_market,424922.73
3707,2020-08,region_185,brand_12_market,353958.92
3708,2020-09,region_185,brand_12_market,452918.58
3709,2020-10,region_185,brand_12_market,443079.08
3710,2020-11,region_185,brand_12_market,455056.94
3711,2020-12,region_185,brand_12_market,479126.33
3712,2021-01,region_185,brand_12_market,413128.33
3713,2021-02,region_185,brand_12_market,416130.86
3714,2021-03,region_185,brand_12_market,478380.36
3715,2021-04,region_185,brand_12_market,461758.78
3716,2021-05,region_185,brand_12_market,417014.61
3717,2021-06,region_185,brand_12_market,477166.32
3718,2021-07,region_185,brand_12_market,506105.96
3719,2021-08,region_185,brand_12_market,408481.18
3720,2020-01,region_186,brand_12_market,292890.08
3721,2020-02,region_186,brand_12_market,255334.57
3722,2020-03,region_186,brand_12_market,255543.275
3723,2020-04,region_186,brand_12_market,255751.98
3724,2020-05,region_186,brand_12_market,251410.56
3725,2020-06,region_186,brand_12_market,261557.97
3726,2020-07,region_186,brand_12_market,282310.93
3727,2020-08,region_186,brand_12_market,227164.89
3728,2020-09,region_186,brand_12_market,281929.58
3729,2020-10,region_186,brand_12_market,276974.84
3730,2020-11,region_186,brand_12_market,288423.36
3731,2020-12,region_186,brand_12_market,290928.94
3732,2021-01,region_186,brand_12_market,267160.75
3733,2021-02,region_186,brand_12_market,250405.59
3734,2021-03,region_186,brand_12_market,317417.57
3735,2021-04,region_186,brand_12_market,297207.0
3736,2021-05,region_186,brand_12_market,273925.26
3737,2021-06,region_186,brand_12_market,294509.85
3738,2021-07,region_186,brand_12_market,318216.65
3739,2021-08,region_186,brand_12_market,252087.7
3740,2020-01,region_187,brand_12_market,390003.39
3741,2020-02,region_187,brand_12_market,361432.46
3742,2020-03,region_187,brand_12_market,364860.085
3743,2020-04,region_187,brand_12_market,368287.71
3744,2020-05,region_187,brand_12_market,344221.06
3745,2020-06,region_187,brand_12_market,358307.9
3746,2020-07,region_187,brand_12_market,358908.77
3747,2020-08,region_187,brand_12_market,357227.75
3748,2020-09,region_187,brand_12_market,353223.73
3749,2020-10,region_187,brand_12_market,418693.12
3750,2020-11,region_187,brand_12_market,394227.4
3751,2020-12,region_187,brand_12_market,406525.14
3752,2021-01,region_187,brand_12_market,372813.54
3753,2021-02,region_187,brand_12_market,356252.67
3754,2021-03,region_187,brand_12_market,432143.95
3755,2021-04,region_187,brand_12_market,432277.1
3756,2021-05,region_187,brand_12_market,388568.61
3757,2021-06,region_187,brand_12_market,410054.04
3758,2021-07,region_187,brand_12_market,413622.15
3759,2021-08,region_187,brand_12_market,396641.87
3760,2020-01,region_188,brand_12_market,306185.13
3761,2020-02,region_188,brand_12_market,251376.11
3762,2020-03,region_188,brand_12_market,270705.385
3763,2020-04,region_188,brand_12_market,290034.66
3764,2020-05,region_188,brand_12_market,274834.16
3765,2020-06,region_188,brand_12_market,295793.68
3766,2020-07,region_188,brand_12_market,303269.31
3767,2020-08,region_188,brand_12_market,255567.49
3768,2020-09,region_188,brand_12_market,286080.04
3769,2020-10,region_188,brand_12_market,309791.11
3770,2020-11,region_188,brand_12_market,315500.6
3771,2020-12,region_188,brand_12_market,311183.48
3772,2021-01,region_188,brand_12_market,272904.9
3773,2021-02,region_188,brand_12_market,261795.53
3774,2021-03,region_188,brand_12_market,325792.94
3775,2021-04,region_188,brand_12_market,323221.83
3776,2021-05,region_188,brand_12_market,304061.26
3777,2021-06,region_188,brand_12_market,302619.22
3778,2021-07,region_188,brand_12_market,356693.83
3779,2021-08,region_188,brand_12_market,271690.3
3780,2020-01,region_189,brand_12_market,379335.13
3781,2020-02,region_189,brand_12_market,348144.51
3782,2020-03,region_189,brand_12_market,359373.67000000004
3783,2020-04,region_189,brand_12_market,370602.83
3784,2020-05,region_189,brand_12_market,326678.95
3785,2020-06,region_189,brand_12_market,414161.77
3786,2020-07,region_189,brand_12_market,416938.39
3787,2020-08,region_189,brand_12_market,298701.81
3788,2020-09,region_189,brand_12_market,426028.58
3789,2020-10,region_189,brand_12_market,434038.8
3790,2020-11,region_189,brand_12_market,430133.12
3791,2020-12,region_189,brand_12_market,436063.22
3792,2021-01,region_189,brand_12_market,389232.13
3793,2021-02,region_189,brand_12_market,377085.11
3794,2021-03,region_189,brand_12_market,472382.68
3795,2021-04,region_189,brand_12_market,463234.66
3796,2021-05,region_189,brand_12_market,400404.4
3797,2021-06,region_189,brand_12_market,491346.66
3798,2021-07,region_189,brand_12_market,517689.63
3799,2021-08,region_189,brand_12_market,362865.99
3800,2020-01,region_190,brand_12_market,305091.72
3801,2020-02,region_190,brand_12_market,277596.44
3802,2020-03,region_190,brand_12_market,283918.34
3803,2020-04,region_190,brand_12_market,290240.24
3804,2020-05,region_190,brand_12_market,257888.09
3805,2020-06,region_190,brand_12_market,249854.19
3806,2020-07,region_190,brand_12_market,272737.97
3807,2020-08,region_190,brand_12_market,262239.11
3808,2020-09,region_190,brand_12_market,271395.71
3809,2020-10,region_190,brand_12_market,296377.89
3810,2020-11,region_190,brand_12_market,280587.6
3811,2020-12,region_190,brand_12_market,299962.04
3812,2021-01,region_190,brand_12_market,275525.37
3813,2021-02,region_190,brand_12_market,279535.04
3814,2021-03,region_190,brand_12_market,326434.35
3815,2021-04,region_190,brand_12_market,333271.21
3816,2021-05,region_190,brand_12_market,301950.77
3817,2021-06,region_190,brand_12_market,309733.42
3818,2021-07,region_190,brand_12_market,310467.0
3819,2021-08,region_190,brand_12_market,305803.26
3820,2020-01,region_191,brand_12_market,344686.15
3821,2020-02,region_191,brand_12_market,294490.02
3822,2020-03,region_191,brand_12_market,315783.475
3823,2020-04,region_191,brand_12_market,337076.93
3824,2020-05,region_191,brand_12_market,328701.24
3825,2020-06,region_191,brand_12_market,343502.87
3826,2020-07,region_191,brand_12_market,308306.64
3827,2020-08,region_191,brand_12_market,349393.11
3828,2020-09,region_191,brand_12_market,368780.77
3829,2020-10,region_191,brand_12_market,366127.55
3830,2020-11,region_191,brand_12_market,376370.97
3831,2020-12,region_191,brand_12_market,361997.51
3832,2021-01,region_191,brand_12_market,341728.57
3833,2021-02,region_191,brand_12_market,312713.34
3834,2021-03,region_191,brand_12_market,424977.78
3835,2021-04,region_191,brand_12_market,394995.05
3836,2021-05,region_191,brand_12_market,346650.64
3837,2021-06,region_191,brand_12_market,408607.34
3838,2021-07,region_191,brand_12_market,329959.59
3839,2021-08,region_191,brand_12_market,409169.01
3840,2020-01,region_192,brand_12_market,220648.34
3841,2020-02,region_192,brand_12_market,207964.92
3842,2020-03,region_192,brand_12_market,218614.26
3843,2020-04,region_192,brand_12_market,229263.6
3844,2020-05,region_192,brand_12_market,191337.38
3845,2020-06,region_192,brand_12_market,192396.0
3846,2020-07,region_192,brand_12_market,234047.1
3847,2020-08,region_192,brand_12_market,168775.89
3848,2020-09,region_192,brand_12_market,206565.5
3849,2020-10,region_192,brand_12_market,232771.41
3850,2020-11,region_192,brand_12_market,218761.77
3851,2020-12,region_192,brand_12_market,236801.57
3852,2021-01,region_192,brand_12_market,212316.1
3853,2021-02,region_192,brand_12_market,205542.93
3854,2021-03,region_192,brand_12_market,244398.67
3855,2021-04,region_192,brand_12_market,252055.46
3856,2021-05,region_192,brand_12_market,222784.56
3857,2021-06,region_192,brand_12_market,240337.04
3858,2021-07,region_192,brand_12_market,261573.49
3859,2021-08,region_192,brand_12_market,206344.42
3860,2020-01,region_193,brand_12_market,301819.16
3861,2020-02,region_193,brand_12_market,294672.8
3862,2020-03,region_193,brand_12_market,313769.565
3863,2020-04,region_193,brand_12_market,332866.33
3864,2020-05,region_193,brand_12_market,272050.28
3865,2020-06,region_193,brand_12_market,280774.9
3866,2020-07,region_193,brand_12_market,320960.48
3867,2020-08,region_193,brand_12_market,216170.33
3868,2020-09,region_193,brand_12_market,289066.3
3869,2020-10,region_193,brand_12_market,333346.54
3870,2020-11,region_193,brand_12_market,308066.11
3871,2020-12,region_193,brand_12_market,326815.67
3872,2021-01,region_193,brand_12_market,266649.52
3873,2021-02,region_193,brand_12_market,302484.47
3874,2021-03,region_193,brand_12_market,364471.62
3875,2021-04,region_193,brand_12_market,362632.16
3876,2021-05,region_193,brand_12_market,315341.72
3877,2021-06,region_193,brand_12_market,328591.49
3878,2021-07,region_193,brand_12_market,364139.59
3879,2021-08,region_193,brand_12_market,257088.76
3880,2020-01,region_194,brand_12_market,410049.4
3881,2020-02,region_194,brand_12_market,381289.84
3882,2020-03,region_194,brand_12_market,383773.32
3883,2020-04,region_194,brand_12_market,386256.8
3884,2020-05,region_194,brand_12_market,377951.05
3885,2020-06,region_194,brand_12_market,414432.25
3886,2020-07,region_194,brand_12_market,444736.78
3887,2020-08,region_194,brand_12_market,330314.01
3888,2020-09,region_194,brand_12_market,443193.1
3889,2020-10,region_194,brand_12_market,438618.8
3890,2020-11,region_194,brand_12_market,470560.39
3891,2020-12,region_194,brand_12_market,450359.27
3892,2021-01,region_194,brand_12_market,418815.77
3893,2021-02,region_194,brand_12_market,394762.34
3894,2021-03,region_194,brand_12_market,487915.24
3895,2021-04,region_194,brand_12_market,490142.69
3896,2021-05,region_194,brand_12_market,437628.92
3897,2021-06,region_194,brand_12_market,468543.43
3898,2021-07,region_194,brand_12_market,540164.41
3899,2021-08,region_194,brand_12_market,390273.47
3900,2020-01,region_195,brand_12_market,156267.16
3901,2020-02,region_195,brand_12_market,143727.44
3902,2020-03,region_195,brand_12_market,150326.33000000002
3903,2020-04,region_195,brand_12_market,156925.22
3904,2020-05,region_195,brand_12_market,130974.28
3905,2020-06,region_195,brand_12_market,128680.71
3906,2020-07,region_195,brand_12_market,153871.22
3907,2020-08,region_195,brand_12_market,115417.08
3908,2020-09,region_195,brand_12_market,135689.81
3909,2020-10,region_195,brand_12_market,154734.75
3910,2020-11,region_195,brand_12_market,143283.69
3911,2020-12,region_195,brand_12_market,158658.57
3912,2021-01,region_195,brand_12_market,141124.92
3913,2021-02,region_195,brand_12_market,138768.24
3914,2021-03,region_195,brand_12_market,150993.35
3915,2021-04,region_195,brand_12_market,168559.08
3916,2021-05,region_195,brand_12_market,141899.99
3917,2021-06,region_195,brand_12_market,143355.85
3918,2021-07,region_195,brand_12_market,170986.55
3919,2021-08,region_195,brand_12_market,140895.48
3920,2020-01,region_196,brand_12_market,268107.35
3921,2020-02,region_196,brand_12_market,248767.79
3922,2020-03,region_196,brand_12_market,266708.51
3923,2020-04,region_196,brand_12_market,284649.23
3924,2020-05,region_196,brand_12_market,251061.71
3925,2020-06,region_196,brand_12_market,250587.76
3926,2020-07,region_196,brand_12_market,285376.17
3927,2020-08,region_196,brand_12_market,226609.63
3928,2020-09,region_196,brand_12_market,264439.74
3929,2020-10,region_196,brand_12_market,301543.3
3930,2020-11,region_196,brand_12_market,269835.2
3931,2020-12,region_196,brand_12_market,309090.81
3932,2021-01,region_196,brand_12_market,258067.23
3933,2021-02,region_196,brand_12_market,247642.72
3934,2021-03,region_196,brand_12_market,314388.66
3935,2021-04,region_196,brand_12_market,305979.15
3936,2021-05,region_196,brand_12_market,270025.65
3937,2021-06,region_196,brand_12_market,294082.42
3938,2021-07,region_196,brand_12_market,320648.09
3939,2021-08,region_196,brand_12_market,274538.96
3940,2020-01,region_197,brand_12_market,218091.2
3941,2020-02,region_197,brand_12_market,188063.47
3942,2020-03,region_197,brand_12_market,190631.96
3943,2020-04,region_197,brand_12_market,193200.45
3944,2020-05,region_197,brand_12_market,180078.4
3945,2020-06,region_197,brand_12_market,187559.81
3946,2020-07,region_197,brand_12_market,214735.12
3947,2020-08,region_197,brand_12_market,173594.7
3948,2020-09,region_197,brand_12_market,194607.49
3949,2020-10,region_197,brand_12_market,210358.73
3950,2020-11,region_197,brand_12_market,195216.9
3951,2020-12,region_197,brand_12_market,223687.88
3952,2021-01,region_197,brand_12_market,187377.97
3953,2021-02,region_197,brand_12_market,188471.47
3954,2021-03,region_197,brand_12_market,229635.52
3955,2021-04,region_197,brand_12_market,210075.19
3956,2021-05,region_197,brand_12_market,195093.84
3957,2021-06,region_197,brand_12_market,218089.45
3958,2021-07,region_197,brand_12_market,240489.32
3959,2021-08,region_197,brand_12_market,197299.43
3960,2020-01,region_198,brand_12_market,286021.8
3961,2020-02,region_198,brand_12_market,248767.2
3962,2020-03,region_198,brand_12_market,261914.29
3963,2020-04,region_198,brand_12_market,275061.38
3964,2020-05,region_198,brand_12_market,240710.78
3965,2020-06,region_198,brand_12_market,258974.57
3966,2020-07,region_198,brand_12_market,270775.66
3967,2020-08,region_198,brand_12_market,239986.68
3968,2020-09,region_198,brand_12_market,251468.19
3969,2020-10,region_198,brand_12_market,285631.41
3970,2020-11,region_198,brand_12_market,281268.93
3971,2020-12,region_198,brand_12_market,280125.36
3972,2021-01,region_198,brand_12_market,269494.81
3973,2021-02,region_198,brand_12_market,261814.24
3974,2021-03,region_198,brand_12_market,297573.14
3975,2021-04,region_198,brand_12_market,302211.59
3976,2021-05,region_198,brand_12_market,279318.27
3977,2021-06,region_198,brand_12_market,293036.83
3978,2021-07,region_198,brand_12_market,307010.57
3979,2021-08,region_198,brand_12_market,276255.02
3980,2020-01,region_199,brand_12_market,288717.96
3981,2020-02,region_199,brand_12_market,279469.77
3982,2020-03,region_199,brand_12_market,279065.31
3983,2020-04,region_199,brand_12_market,278660.85
3984,2020-05,region_199,brand_12_market,266357.36
3985,2020-06,region_199,brand_12_market,289842.69
3986,2020-07,region_199,brand_12_market,308267.87
3987,2020-08,region_199,brand_12_market,242052.65
3988,2020-09,region_199,brand_12_market,311671.47
3989,2020-10,region_199,brand_12_market,298002.42
3990,2020-11,region_199,brand_12_market,322751.85
3991,2020-12,region_199,brand_12_market,322102.84
3992,2021-01,region_199,brand_12_market,284411.89
3993,2021-02,region_199,brand_12_market,281541.45
3994,2021-03,region_199,brand_12_market,334357.7
3995,2021-04,region_199,brand_12_market,337530.04
3996,2021-05,region_199,brand_12_market,295971.78
3997,2021-06,region_199,brand_12_market,338271.19
3998,2021-07,region_199,brand_12_market,370032.35
3999,2021-08,region_199,brand_12_market,267255.42
4000,2020-01,region_200,brand_12_market,317247.87
4001,2020-02,region_200,brand_12_market,269421.31
4002,2020-03,region_200,brand_12_market,287728.565
4003,2020-04,region_200,brand_12_market,306035.82
4004,2020-05,region_200,brand_12_market,290208.15
4005,2020-06,region_200,brand_12_market,312251.67
4006,2020-07,region_200,brand_12_market,301746.46
4007,2020-08,region_200,brand_12_market,274216.3
4008,2020-09,region_200,brand_12_market,329985.6
4009,2020-10,region_200,brand_12_market,314929.68
4010,2020-11,region_200,brand_12_market,338413.61
4011,2020-12,region_200,brand_12_market,342661.38
4012,2021-01,region_200,brand_12_market,323777.17
4013,2021-02,region_200,brand_12_market,303831.86
4014,2021-03,region_200,brand_12_market,378884.66
4015,2021-04,region_200,brand_12_market,389591.18
4016,2021-05,region_200,brand_12_market,332353.37
4017,2021-06,region_200,brand_12_market,355646.62
4018,2021-07,region_200,brand_12_market,410435.21
4019,2021-08,region_200,brand_12_market,289230.73
