,region,month,sales,delta_sales,rel_delta_sales,prevSales
0,region_0,2020-01,0.0,0.0,0.0,0.0
1,region_0,2020-02,0.0,0.0,0.0,0.0
2,region_0,2020-03,0.0,0.0,0.0,0.0
3,region_0,2020-04,0.0,0.0,0.0,0.0
4,region_0,2020-05,0.0,0.0,0.0,0.0
5,region_0,2020-06,0.0,0.0,0.0,0.0
6,region_0,2020-07,0.0,0.0,0.0,0.0
7,region_0,2020-08,612.44,612.44,100.0,0.0
8,region_0,2020-09,1653.59,1041.1499999999999,1.70000326562602,612.44
9,region_0,2020-10,1898.56,244.97000000000003,0.14814434049552783,1653.59
10,region_0,2020-11,2939.71,1041.15,0.5483893055789653,1898.56
11,region_0,2020-12,4440.19,1500.4799999999996,0.5104176942623591,2939.71
12,region_0,2021-01,3888.99,-551.1999999999998,-0.12413883189683317,4440.19
13,region_0,2021-02,2664.11,-1224.8799999999997,-0.31496095387234213,3888.99
14,region_0,2021-03,5603.83,2939.72,1.1034529355019123,2664.11
15,region_0,2021-04,2572.25,-3031.58,-0.54098357730338,5603.83
16,region_0,2021-05,4807.65,2235.3999999999996,0.8690446107493439,2572.25
17,region_0,2021-06,3674.64,-1133.0099999999998,-0.23566815387975415,4807.65
18,region_0,2021-07,4225.84,551.2000000000003,0.1500010885420069,3674.64
19,region_0,2021-08,2927.8,-1298.04,-0.30716733241201744,4225.84
20,region_1,2020-01,0.0,0.0,0.0,0.0
21,region_1,2020-02,0.0,0.0,0.0,0.0
22,region_1,2020-03,0.0,0.0,0.0,0.0
23,region_1,2020-04,0.0,0.0,0.0,0.0
24,region_1,2020-05,0.0,0.0,0.0,0.0
25,region_1,2020-06,0.0,0.0,0.0,0.0
26,region_1,2020-07,0.0,0.0,0.0,0.0
27,region_1,2020-08,0.0,0.0,0.0,0.0
28,region_1,2020-09,765.55,765.55,100.0,0.0
29,region_1,2020-10,1286.12,520.5699999999999,0.6799947749983672,765.55
30,region_1,2020-11,1653.59,367.47,0.28571983951730795,1286.12
31,region_1,2020-12,1408.61,-244.98000000000002,-0.14815038794380708,1653.59
32,region_1,2021-01,2021.05,612.44,0.4347832260171376,1408.61
33,region_1,2021-02,1500.48,-520.5699999999999,-0.25757403329952255,2021.05
34,region_1,2021-03,1837.32,336.8399999999999,0.22448816378758796,1500.48
35,region_1,2021-04,1377.99,-459.3299999999999,-0.25,1837.32
36,region_1,2021-05,2021.05,643.06,0.4666652152773241,1377.99
37,region_1,2021-06,2572.25,551.2,0.2727295217832315,2021.05
38,region_1,2021-07,2204.78,-367.4699999999998,-0.14285936436971514,2572.25
39,region_1,2021-08,3009.96,805.1799999999998,0.3651974346646829,2204.78
40,region_2,2020-01,0.0,0.0,0.0,0.0
41,region_2,2020-02,0.0,0.0,0.0,0.0
42,region_2,2020-03,0.0,0.0,0.0,0.0
43,region_2,2020-04,0.0,0.0,0.0,0.0
44,region_2,2020-05,0.0,0.0,0.0,0.0
45,region_2,2020-06,0.0,0.0,0.0,0.0
46,region_2,2020-07,0.0,0.0,0.0,0.0
47,region_2,2020-08,0.0,0.0,0.0,0.0
48,region_2,2020-09,0.0,0.0,0.0,0.0
49,region_2,2020-10,91.87,91.87,100.0,0.0
50,region_2,2020-11,367.46,275.59,2.9997823010776092,91.87
51,region_2,2020-12,183.73,-183.73,-0.5,367.46
52,region_2,2021-01,704.31,520.5799999999999,2.8333968323082783,183.73
53,region_2,2021-02,826.79,122.48000000000002,0.17390069713620426,704.31
54,region_2,2021-03,275.6,-551.1899999999999,-0.6666626350100993,826.79
55,region_2,2021-04,734.93,459.3299999999999,1.6666545718432508,275.6
56,region_2,2021-05,1561.72,826.7900000000001,1.1249914957887146,734.93
57,region_2,2021-06,1561.72,0.0,0.0,1561.72
58,region_2,2021-07,1469.86,-91.86000000000013,-0.05881976282560264,1561.72
59,region_2,2021-08,2071.56,601.7,0.4093587144353885,1469.86
60,region_3,2020-01,0.0,0.0,0.0,0.0
61,region_3,2020-02,0.0,0.0,0.0,0.0
62,region_3,2020-03,0.0,0.0,0.0,0.0
63,region_3,2020-04,0.0,0.0,0.0,0.0
64,region_3,2020-05,0.0,0.0,0.0,0.0
65,region_3,2020-06,0.0,0.0,0.0,0.0
66,region_3,2020-07,0.0,0.0,0.0,0.0
67,region_3,2020-08,0.0,0.0,0.0,0.0
68,region_3,2020-09,275.6,275.6,100.0,0.0
69,region_3,2020-10,643.06,367.4599999999999,1.3333091436865017,275.6
70,region_3,2020-11,2021.05,1377.99,2.1428638074207695,643.06
71,region_3,2020-12,275.6,-1745.4499999999998,-0.8636352391083842,2021.05
72,region_3,2021-01,2786.6,2511.0,9.111030478955007,275.6
73,region_3,2021-02,1224.88,-1561.7199999999998,-0.5604392449580133,2786.6
74,region_3,2021-03,2021.05,796.1699999999998,0.6499983671869896,1224.88
75,region_3,2021-04,1010.53,-1010.52,-0.4999975260384454,2021.05
76,region_3,2021-05,2572.25,1561.72,1.5454464488931552,1010.53
77,region_3,2021-06,3858.37,1286.12,0.4999980561764992,2572.25
78,region_3,2021-07,2939.71,-918.6599999999999,-0.23809536151276312,3858.37
79,region_3,2021-08,2374.68,-565.0300000000002,-0.19220603392851687,2939.71
80,region_4,2020-01,0.0,0.0,0.0,0.0
81,region_4,2020-02,0.0,0.0,0.0,0.0
82,region_4,2020-03,0.0,0.0,0.0,0.0
83,region_4,2020-04,0.0,0.0,0.0,0.0
84,region_4,2020-05,0.0,0.0,0.0,0.0
85,region_4,2020-06,0.0,0.0,0.0,0.0
86,region_4,2020-07,0.0,0.0,0.0,0.0
87,region_4,2020-08,91.87,91.87,100.0,0.0
88,region_4,2020-09,1500.48,1408.6100000000001,15.332643953412429,91.87
89,region_4,2020-10,459.33,-1041.15,-0.693877959053103,1500.48
90,region_4,2020-11,1102.39,643.0600000000002,1.399995645831973,459.33
91,region_4,2020-12,2939.71,1837.32,1.666669690399949,1102.39
92,region_4,2021-01,1194.26,-1745.45,-0.593749043272976,2939.71
93,region_4,2021-02,826.79,-367.47,-0.30769681643863145,1194.26
94,region_4,2021-03,2572.25,1745.46,2.111128581622903,826.79
95,region_4,2021-04,2112.92,-459.3299999999999,-0.17857128972689273,2572.25
96,region_4,2021-05,2112.92,0.0,0.0,2112.92
97,region_4,2021-06,1653.59,-459.33000000000015,-0.2173910985744847,2112.92
98,region_4,2021-07,2847.85,1194.26,0.7222225581915711,1653.59
99,region_4,2021-08,2651.6,-196.25,-0.06891163509314047,2847.85
100,region_5,2020-01,0.0,0.0,0.0,0.0
101,region_5,2020-02,0.0,0.0,0.0,0.0
102,region_5,2020-03,0.0,0.0,0.0,0.0
103,region_5,2020-04,0.0,0.0,0.0,0.0
104,region_5,2020-05,0.0,0.0,0.0,0.0
105,region_5,2020-06,0.0,0.0,0.0,0.0
106,region_5,2020-07,0.0,0.0,0.0,0.0
107,region_5,2020-08,0.0,0.0,0.0,0.0
108,region_5,2020-09,275.6,275.6,100.0,0.0
109,region_5,2020-10,0.0,-275.6,-1.0,275.6
110,region_5,2020-11,0.0,0.0,0.0,0.0
111,region_5,2020-12,275.6,275.6,100.0,0.0
112,region_5,2021-01,459.33,183.72999999999996,0.6666545718432508,275.6
113,region_5,2021-02,551.2,91.87000000000006,0.20000870833605489,459.33
114,region_5,2021-03,551.2,0.0,0.0,551.2
115,region_5,2021-04,643.06,91.8599999999999,0.16665457184325083,551.2
116,region_5,2021-05,1102.39,459.33000000000015,0.7142879358069234,643.06
117,region_5,2021-06,1194.26,91.86999999999989,0.08333711299993629,1102.39
118,region_5,2021-07,2021.05,826.79,0.6923031835613684,1194.26
119,region_5,2021-08,2181.34,160.2900000000002,0.07931025951856707,2021.05
120,region_6,2020-01,0.0,0.0,0.0,0.0
121,region_6,2020-02,0.0,0.0,0.0,0.0
122,region_6,2020-03,0.0,0.0,0.0,0.0
123,region_6,2020-04,0.0,0.0,0.0,0.0
124,region_6,2020-05,0.0,0.0,0.0,0.0
125,region_6,2020-06,0.0,0.0,0.0,0.0
126,region_6,2020-07,0.0,0.0,0.0,0.0
127,region_6,2020-08,0.0,0.0,0.0,0.0
128,region_6,2020-09,1561.72,1561.72,100.0,0.0
129,region_6,2020-10,826.79,-734.9300000000001,-0.4705901185871988,1561.72
130,region_6,2020-11,1316.75,489.96000000000004,0.5926051355241355,826.79
131,region_6,2020-12,2388.52,1071.77,0.8139510157584964,1316.75
132,region_6,2021-01,2572.25,183.73000000000002,0.07692211076315036,2388.52
133,region_6,2021-02,826.79,-1745.46,-0.6785732335503936,2572.25
134,region_6,2021-03,3307.18,2480.39,3.0000241899394045,826.79
135,region_6,2021-04,5236.36,1929.1799999999998,0.5833308135632169,3307.18
136,region_6,2021-05,2664.11,-2572.2499999999995,-0.49122863974211084,5236.36
137,region_6,2021-06,1929.19,-734.9200000000001,-0.27585948027671536,2664.11
138,region_6,2021-07,4777.03,2847.8399999999997,1.4761843053302162,1929.19
139,region_6,2021-08,4005.02,-772.0099999999998,-0.16160878202565188,4777.03
140,region_7,2020-01,0.0,0.0,0.0,0.0
141,region_7,2020-02,0.0,0.0,0.0,0.0
142,region_7,2020-03,0.0,0.0,0.0,0.0
143,region_7,2020-04,0.0,0.0,0.0,0.0
144,region_7,2020-05,0.0,0.0,0.0,0.0
145,region_7,2020-06,0.0,0.0,0.0,0.0
146,region_7,2020-07,0.0,0.0,0.0,0.0
147,region_7,2020-08,306.22,306.22,100.0,0.0
148,region_7,2020-09,4746.41,4440.19,14.499999999999998,306.22
149,region_7,2020-10,4348.32,-398.09000000000015,-0.08387181048413439,4746.41
150,region_7,2020-11,6828.71,2480.3900000000003,0.5704248997313905,4348.32
151,region_7,2020-12,6155.02,-673.6899999999996,-0.09865552937524069,6828.71
152,region_7,2021-01,5971.29,-183.73000000000047,-0.029850431030281066,6155.02
153,region_7,2021-02,5787.56,-183.72999999999956,-0.030768895833228616,5971.29
154,region_7,2021-03,8084.21,2296.6499999999996,0.39682525969493176,5787.56
155,region_7,2021-04,9829.66,1745.4499999999998,0.21590854270237902,8084.21
156,region_7,2021-05,8390.43,-1439.2299999999996,-0.14641706834213997,9829.66
157,region_7,2021-06,6338.75,-2051.6800000000003,-0.2445262042588997,8390.43
158,region_7,2021-07,6798.08,459.3299999999999,0.07246381384342349,6338.75
159,region_7,2021-08,9529.18,2731.1000000000004,0.40174578704575414,6798.08
160,region_8,2020-01,0.0,0.0,0.0,0.0
161,region_8,2020-02,0.0,0.0,0.0,0.0
162,region_8,2020-03,0.0,0.0,0.0,0.0
163,region_8,2020-04,0.0,0.0,0.0,0.0
164,region_8,2020-05,0.0,0.0,0.0,0.0
165,region_8,2020-06,0.0,0.0,0.0,0.0
166,region_8,2020-07,0.0,0.0,0.0,0.0
167,region_8,2020-08,122.49,122.49,100.0,0.0
168,region_8,2020-09,1286.12,1163.6299999999999,9.49979590170626,122.49
169,region_8,2020-10,1500.48,214.36000000000013,0.16667185021615416,1286.12
170,region_8,2020-11,1745.45,244.97000000000003,0.1632610897846023,1500.48
171,region_8,2020-12,1561.72,-183.73000000000002,-0.10526225328711791,1745.45
172,region_8,2021-01,2021.05,459.3299999999999,0.29411802371743967,1561.72
173,region_8,2021-02,1408.61,-612.44,-0.30303060290443085,2021.05
174,region_8,2021-03,2480.38,1071.7700000000002,0.7608706455299907,1408.61
175,region_8,2021-04,3399.04,918.6599999999999,0.3703706690103934,2480.38
176,region_8,2021-05,2112.92,-1286.12,-0.37837742421389564,3399.04
177,region_8,2021-06,2388.52,275.5999999999999,0.13043560570206147,2112.92
178,region_8,2021-07,1377.99,-1010.53,-0.42307788923684964,2388.52
179,region_8,2021-08,2320.15,942.1600000000001,0.6837204914404313,1377.99
180,region_9,2020-01,0.0,0.0,0.0,0.0
181,region_9,2020-02,0.0,0.0,0.0,0.0
182,region_9,2020-03,0.0,0.0,0.0,0.0
183,region_9,2020-04,0.0,0.0,0.0,0.0
184,region_9,2020-05,0.0,0.0,0.0,0.0
185,region_9,2020-06,0.0,0.0,0.0,0.0
186,region_9,2020-07,0.0,0.0,0.0,0.0
187,region_9,2020-08,367.46,367.46,100.0,0.0
188,region_9,2020-09,2633.49,2266.0299999999997,6.166739236923747,367.46
189,region_9,2020-10,5879.42,3245.9300000000003,1.2325583161508114,2633.49
190,region_9,2020-11,4777.03,-1102.3900000000003,-0.18749978739399475,5879.42
191,region_9,2020-12,2847.85,-1929.1799999999998,-0.40384506691396116,4777.03
192,region_9,2021-01,7992.34,5144.49,1.8064469687659113,2847.85
193,region_9,2021-02,4225.84,-3766.5,-0.4712637350262877,7992.34
194,region_9,2021-03,4868.9,643.0599999999995,0.15217329572345362,4225.84
195,region_9,2021-04,5726.31,857.4100000000008,0.17609932428269226,4868.9
196,region_9,2021-05,5420.09,-306.22000000000025,-0.05347597318342878,5726.31
197,region_9,2021-06,3858.37,-1561.7200000000003,-0.2881354368654395,5420.09
198,region_9,2021-07,7073.58,3215.21,0.8333078476144071,3858.37
199,region_9,2021-08,6214.68,-858.8999999999996,-0.12142366383076175,7073.58
200,region_10,2020-01,0.0,0.0,0.0,0.0
201,region_10,2020-02,0.0,0.0,0.0,0.0
202,region_10,2020-03,0.0,0.0,0.0,0.0
203,region_10,2020-04,0.0,0.0,0.0,0.0
204,region_10,2020-05,0.0,0.0,0.0,0.0
205,region_10,2020-06,0.0,0.0,0.0,0.0
206,region_10,2020-07,0.0,0.0,0.0,0.0
207,region_10,2020-08,91.87,91.87,100.0,0.0
208,region_10,2020-09,367.46,275.59,2.9997823010776092,91.87
209,region_10,2020-10,704.31,336.84999999999997,0.9166984161541392,367.46
210,region_10,2020-11,1010.53,306.22,0.4347801394272408,704.31
211,region_10,2020-12,857.42,-153.11,-0.1515145517698634,1010.53
212,region_10,2021-01,1531.1,673.68,0.7857059550745258,857.42
213,region_10,2021-02,3031.58,1500.48,0.9800013062504083,1531.1
214,region_10,2021-03,2572.25,-459.3299999999999,-0.15151505155727374,3031.58
215,region_10,2021-04,2755.98,183.73000000000002,0.07142773836135685,2572.25
216,region_10,2021-05,4654.54,1898.56,0.6888874374995464,2755.98
217,region_10,2021-06,2051.48,-2603.06,-0.559251827248235,4654.54
218,region_10,2021-07,2878.37,826.8899999999999,0.40306997874705086,2051.48
219,region_10,2021-08,4593.32,1714.9499999999998,0.595805959622981,2878.37
220,region_11,2020-01,0.0,0.0,0.0,0.0
221,region_11,2020-02,0.0,0.0,0.0,0.0
222,region_11,2020-03,0.0,0.0,0.0,0.0
223,region_11,2020-04,0.0,0.0,0.0,0.0
224,region_11,2020-05,0.0,0.0,0.0,0.0
225,region_11,2020-06,0.0,0.0,0.0,0.0
226,region_11,2020-07,0.0,0.0,0.0,0.0
227,region_11,2020-08,0.0,0.0,0.0,0.0
228,region_11,2020-09,275.6,275.6,100.0,0.0
229,region_11,2020-10,275.6,0.0,0.0,275.6
230,region_11,2020-11,918.66,643.06,2.3333091436865017,275.6
231,region_11,2020-12,1469.86,551.1999999999999,0.6000043541680273,918.66
232,region_11,2021-01,459.33,-1010.53,-0.6875008504211285,1469.86
233,region_11,2021-02,1010.53,551.2,1.2000087083360547,459.33
234,region_11,2021-03,1377.99,367.46000000000004,0.3636309659287702,1010.53
235,region_11,2021-04,918.66,-459.33000000000004,-0.33333333333333337,1377.99
236,region_11,2021-05,551.2,-367.4599999999999,-0.39999564583197256,918.66
237,region_11,2021-06,1102.37,551.1699999999998,0.9999455732946296,551.2
238,region_11,2021-07,3368.4,2266.03,2.0555983925542245,1102.37
239,region_11,2021-08,1997.68,-1370.72,-0.40693504334402086,3368.4
240,region_12,2020-01,0.0,0.0,0.0,0.0
241,region_12,2020-02,0.0,0.0,0.0,0.0
242,region_12,2020-03,0.0,0.0,0.0,0.0
243,region_12,2020-04,0.0,0.0,0.0,0.0
244,region_12,2020-05,0.0,0.0,0.0,0.0
245,region_12,2020-06,0.0,0.0,0.0,0.0
246,region_12,2020-07,0.0,0.0,0.0,0.0
247,region_12,2020-08,0.0,0.0,0.0,0.0
248,region_12,2020-09,734.93,734.93,100.0,0.0
249,region_12,2020-10,275.6,-459.3299999999999,-0.6249982991577429,734.93
250,region_12,2020-11,91.87,-183.73000000000002,-0.666654571843251,275.6
251,region_12,2020-12,1377.99,1286.12,13.999346903232828,91.87
252,region_12,2021-01,275.6,-1102.3899999999999,-0.7999985486106576,1377.99
253,region_12,2021-02,1286.12,1010.5199999999999,3.6666182873730033,275.6
254,region_12,2021-03,826.79,-459.3299999999999,-0.3571439679034616,1286.12
255,region_12,2021-04,183.73,-643.06,-0.7777791216633002,826.79
256,region_12,2021-05,857.42,673.6899999999999,3.666739236923747,183.73
257,region_12,2021-06,1929.19,1071.77,1.2499941685521683,857.42
258,region_12,2021-07,551.2,-1377.99,-0.7142842332792518,1929.19
259,region_12,2021-08,2016.32,1465.12,2.6580551523947746,551.2
260,region_13,2020-01,0.0,0.0,0.0,0.0
261,region_13,2020-02,0.0,0.0,0.0,0.0
262,region_13,2020-03,0.0,0.0,0.0,0.0
263,region_13,2020-04,0.0,0.0,0.0,0.0
264,region_13,2020-05,0.0,0.0,0.0,0.0
265,region_13,2020-06,0.0,0.0,0.0,0.0
266,region_13,2020-07,0.0,0.0,0.0,0.0
267,region_13,2020-08,0.0,0.0,0.0,0.0
268,region_13,2020-09,367.46,367.46,100.0,0.0
269,region_13,2020-10,2204.78,1837.3200000000002,5.000054427692811,367.46
270,region_13,2020-11,3399.04,1194.2599999999998,0.5416685564999681,2204.78
271,region_13,2020-12,2021.05,-1377.99,-0.4054056439465261,3399.04
272,region_13,2021-01,2021.05,0.0,0.0,2021.05
273,region_13,2021-02,4164.59,2143.54,1.0606071101655083,2021.05
274,region_13,2021-03,4501.43,336.84000000000015,0.08088191154471391,4164.59
275,region_13,2021-04,2755.98,-1745.4500000000003,-0.38775455799601466,4501.43
276,region_13,2021-05,3307.15,551.1700000000001,0.199990565969274,2755.98
277,region_13,2021-06,6246.86,2939.7099999999996,0.8888952723644223,3307.15
278,region_13,2021-07,4225.52,-2021.3399999999992,-0.32357696506724964,6246.86
279,region_13,2021-08,5966.09,1740.5699999999997,0.4119185331036179,4225.52
280,region_14,2020-01,0.0,0.0,0.0,0.0
281,region_14,2020-02,0.0,0.0,0.0,0.0
282,region_14,2020-03,0.0,0.0,0.0,0.0
283,region_14,2020-04,0.0,0.0,0.0,0.0
284,region_14,2020-05,0.0,0.0,0.0,0.0
285,region_14,2020-06,0.0,0.0,0.0,0.0
286,region_14,2020-07,0.0,0.0,0.0,0.0
287,region_14,2020-08,734.93,734.93,100.0,0.0
288,region_14,2020-09,489.95,-244.97999999999996,-0.3333378689126856,734.93
289,region_14,2020-10,2327.27,1837.32,3.750015307684458,489.95
290,region_14,2020-11,1469.86,-857.4100000000001,-0.3684187911157709,2327.27
291,region_14,2020-12,489.95,-979.9099999999999,-0.6666689344563428,1469.86
292,region_14,2021-01,1837.32,1347.37,2.7500153076844573,489.95
293,region_14,2021-02,1929.19,91.87000000000012,0.05000217708401378,1837.32
294,region_14,2021-03,2021.05,91.8599999999999,0.04761583877171249,1929.19
295,region_14,2021-04,2664.11,643.0600000000002,0.31818114346503057,2021.05
296,region_14,2021-05,2511.0,-153.11000000000013,-0.05747135065744291,2664.11
297,region_14,2021-06,3705.26,1194.2600000000002,0.47561131023496617,2511.0
298,region_14,2021-07,2021.05,-1684.2100000000003,-0.4545456998969034,3705.26
299,region_14,2021-08,1574.39,-446.65999999999985,-0.22100393359887183,2021.05
300,region_15,2020-01,0.0,0.0,0.0,0.0
301,region_15,2020-02,0.0,0.0,0.0,0.0
302,region_15,2020-03,0.0,0.0,0.0,0.0
303,region_15,2020-04,0.0,0.0,0.0,0.0
304,region_15,2020-05,0.0,0.0,0.0,0.0
305,region_15,2020-06,0.0,0.0,0.0,0.0
306,region_15,2020-07,0.0,0.0,0.0,0.0
307,region_15,2020-08,0.0,0.0,0.0,0.0
308,region_15,2020-09,0.0,0.0,0.0,0.0
309,region_15,2020-10,1653.59,1653.59,100.0,0.0
310,region_15,2020-11,1561.72,-91.86999999999989,-0.055557907340997414,1653.59
311,region_15,2020-12,1837.32,275.5999999999999,0.1764720948697589,1561.72
312,region_15,2021-01,2296.65,459.33000000000015,0.25,1837.32
313,region_15,2021-02,1469.86,-826.7900000000002,-0.3599982583327891,2296.65
314,region_15,2021-03,3123.44,1653.5800000000002,1.1249914957887146,1469.86
315,region_15,2021-04,2388.52,-734.9200000000001,-0.23529185769536154,3123.44
316,region_15,2021-05,3154.07,765.5500000000002,0.3205122837573058,2388.52
317,region_15,2021-06,5971.29,2817.22,0.8932014825289227,3154.07
318,region_15,2021-07,2388.52,-3582.77,-0.5999993301279958,5971.29
319,region_15,2021-08,5054.61,2666.0899999999997,1.1162100380151725,2388.52
320,region_16,2020-01,0.0,0.0,0.0,0.0
321,region_16,2020-02,0.0,0.0,0.0,0.0
322,region_16,2020-03,0.0,0.0,0.0,0.0
323,region_16,2020-04,0.0,0.0,0.0,0.0
324,region_16,2020-05,0.0,0.0,0.0,0.0
325,region_16,2020-06,0.0,0.0,0.0,0.0
326,region_16,2020-07,0.0,0.0,0.0,0.0
327,region_16,2020-08,459.33,459.33,100.0,0.0
328,region_16,2020-09,2847.85,2388.52,5.200008708336055,459.33
329,region_16,2020-10,4225.84,1377.9900000000002,0.48387028811208466,2847.85
330,region_16,2020-11,4409.57,183.72999999999956,0.043477746436211495,4225.84
331,region_16,2020-12,5511.96,1102.3900000000003,0.24999943305129535,4409.57
332,region_16,2021-01,4225.84,-1286.12,-0.23333260763866204,5511.96
333,region_16,2021-02,3613.4,-612.44,-0.14492739904965646,4225.84
334,region_16,2021-03,8114.83,4501.43,1.2457602258260918,3613.4
335,region_16,2021-04,5481.34,-2633.49,-0.3245280554244513,8114.83
336,region_16,2021-05,7563.63,2082.29,0.3798870349221175,5481.34
337,region_16,2021-06,6308.13,-1255.5,-0.16599172619496194,7563.63
338,region_16,2021-07,6430.62,122.48999999999978,0.019417798935659203,6308.13
339,region_16,2021-08,4806.02,-1624.5999999999995,-0.252635049186548,6430.62
340,region_17,2020-01,0.0,0.0,0.0,0.0
341,region_17,2020-02,0.0,0.0,0.0,0.0
342,region_17,2020-03,0.0,0.0,0.0,0.0
343,region_17,2020-04,0.0,0.0,0.0,0.0
344,region_17,2020-05,0.0,0.0,0.0,0.0
345,region_17,2020-06,0.0,0.0,0.0,0.0
346,region_17,2020-07,0.0,0.0,0.0,0.0
347,region_17,2020-08,1377.99,1377.99,100.0,0.0
348,region_17,2020-09,673.68,-704.3100000000001,-0.511114013889796,1377.99
349,region_17,2020-10,2266.03,1592.3500000000004,2.3636593041206515,673.68
350,region_17,2020-11,3613.4,1347.37,0.5945949524057492,2266.03
351,region_17,2020-12,4623.92,1010.52,0.2796590468810538,3613.4
352,region_17,2021-01,4072.73,-551.19,-0.11920405197321748,4623.92
353,region_17,2021-02,3919.62,-153.11000000000013,-0.03759394803976701,4072.73
354,region_17,2021-03,6644.95,2725.33,0.6953046468790343,3919.62
355,region_17,2021-04,5358.85,-1286.0999999999995,-0.1935454743828019,6644.95
356,region_17,2021-05,4287.06,-1071.79,-0.20000373214402345,5358.85
357,region_17,2021-06,4225.84,-61.220000000000255,-0.014280182689302312,4287.06
358,region_17,2021-07,6246.38,2020.54,0.4781392575203982,4225.84
359,region_17,2021-08,5827.28,-419.10000000000036,-0.06709486134369036,6246.38
360,region_18,2020-01,0.0,0.0,0.0,0.0
361,region_18,2020-02,0.0,0.0,0.0,0.0
362,region_18,2020-03,0.0,0.0,0.0,0.0
363,region_18,2020-04,0.0,0.0,0.0,0.0
364,region_18,2020-05,0.0,0.0,0.0,0.0
365,region_18,2020-06,0.0,0.0,0.0,0.0
366,region_18,2020-07,0.0,0.0,0.0,0.0
367,region_18,2020-08,0.0,0.0,0.0,0.0
368,region_18,2020-09,0.0,0.0,0.0,0.0
369,region_18,2020-10,30.62,30.62,100.0,0.0
370,region_18,2020-11,0.0,-30.62,-1.0,30.62
371,region_18,2020-12,0.0,0.0,0.0,0.0
372,region_18,2021-01,183.73,183.73,100.0,0.0
373,region_18,2021-02,1010.53,826.8,4.500081641539215,183.73
374,region_18,2021-03,91.87,-918.66,-0.90908731061918,1010.53
375,region_18,2021-04,275.6,183.73000000000002,1.9998911505388048,91.87
376,region_18,2021-05,551.2,275.6,1.0,275.6
377,region_18,2021-06,643.06,91.8599999999999,0.16665457184325083,551.2
378,region_18,2021-07,367.37,-275.68999999999994,-0.4287158274500046,643.06
379,region_18,2021-08,1417.64,1050.27,2.858888858643874,367.37
380,region_19,2020-01,0.0,0.0,0.0,0.0
381,region_19,2020-02,0.0,0.0,0.0,0.0
382,region_19,2020-03,0.0,0.0,0.0,0.0
383,region_19,2020-04,0.0,0.0,0.0,0.0
384,region_19,2020-05,0.0,0.0,0.0,0.0
385,region_19,2020-06,0.0,0.0,0.0,0.0
386,region_19,2020-07,0.0,0.0,0.0,0.0
387,region_19,2020-08,2112.92,2112.92,100.0,0.0
388,region_19,2020-09,2602.87,489.9499999999998,0.23188289192207923,2112.92
389,region_19,2020-10,5328.23,2725.3599999999997,1.0470595919120047,2602.87
390,region_19,2020-11,9860.28,4532.050000000001,0.8505732672951434,5328.23
391,region_19,2020-12,6614.35,-3245.9300000000003,-0.32919247729273404,9860.28
392,region_19,2021-01,12585.64,5971.289999999999,0.9027780507532863,6614.35
393,region_19,2021-02,15004.78,2419.1400000000012,0.19221430137839635,12585.64
394,region_19,2021-03,15892.82,888.039999999999,0.059183806760245705,15004.78
395,region_19,2021-04,18924.4,3031.5800000000017,0.19075154692496366,15892.82
396,region_19,2021-05,15311.0,-3613.4000000000015,-0.19093868233603184,18924.4
397,region_19,2021-06,17025.83,1714.8300000000017,0.11199986937495932,15311.0
398,region_19,2021-07,20822.96,3797.1299999999974,0.22302172640041618,17025.83
399,region_19,2021-08,17815.42,-3007.540000000001,-0.14443383649586805,20822.96
400,region_20,2020-01,0.0,0.0,0.0,0.0
401,region_20,2020-02,0.0,0.0,0.0,0.0
402,region_20,2020-03,0.0,0.0,0.0,0.0
403,region_20,2020-04,0.0,0.0,0.0,0.0
404,region_20,2020-05,0.0,0.0,0.0,0.0
405,region_20,2020-06,0.0,0.0,0.0,0.0
406,region_20,2020-07,0.0,0.0,0.0,0.0
407,region_20,2020-08,0.0,0.0,0.0,0.0
408,region_20,2020-09,275.6,275.6,100.0,0.0
409,region_20,2020-10,306.22,30.620000000000005,0.11110304789550063,275.6
410,region_20,2020-11,1102.39,796.1700000000001,2.599993468747959,306.22
411,region_20,2020-12,1286.12,183.7299999999998,0.16666515480002508,1102.39
412,region_20,2021-01,1194.26,-91.8599999999999,-0.07142412838615364,1286.12
413,region_20,2021-02,1653.59,459.3299999999999,0.384614740508767,1194.26
414,region_20,2021-03,3307.18,1653.59,1.0,1653.59
415,region_20,2021-04,4042.1,734.9200000000001,0.2222195344674316,3307.18
416,region_20,2021-05,5236.34,1194.2400000000002,0.2954503847010219,4042.1
417,region_20,2021-06,7931.07,2694.7299999999996,0.5146208993304482,5236.34
418,region_20,2021-07,7869.73,-61.340000000000146,-0.007734139277550178,7931.07
419,region_20,2021-08,5026.99,-2842.74,-0.36122459093259873,7869.73
420,region_21,2020-01,0.0,0.0,0.0,0.0
421,region_21,2020-02,0.0,0.0,0.0,0.0
422,region_21,2020-03,0.0,0.0,0.0,0.0
423,region_21,2020-04,0.0,0.0,0.0,0.0
424,region_21,2020-05,0.0,0.0,0.0,0.0
425,region_21,2020-06,0.0,0.0,0.0,0.0
426,region_21,2020-07,0.0,0.0,0.0,0.0
427,region_21,2020-08,367.46,367.46,100.0,0.0
428,region_21,2020-09,888.04,520.5799999999999,1.4166984161541394,367.46
429,region_21,2020-10,2480.38,1592.3400000000001,1.7930949056348817,888.04
430,region_21,2020-11,3307.18,826.7999999999997,0.3333360210935421,2480.38
431,region_21,2020-12,2082.3,-1224.8799999999997,-0.37036992241123845,3307.18
432,region_21,2021-01,2572.25,489.9499999999998,0.23529270518177015,2082.3
433,region_21,2021-02,4593.3,2021.0500000000002,0.785712897268928,2572.25
434,region_21,2021-03,4164.59,-428.71000000000004,-0.0933337687501361,4593.3
435,region_21,2021-04,4685.17,520.5799999999999,0.12500150074797278,4164.59
436,region_21,2021-05,6553.11,1867.9399999999996,0.39869204319160234,4685.17
437,region_21,2021-06,4960.57,-1592.54,-0.24302048950803512,6553.11
438,region_21,2021-07,5328.23,367.65999999999985,0.07411648258163872,4960.57
439,region_21,2021-08,3507.13,-1821.0999999999995,-0.34178329388934026,5328.23
440,region_22,2020-01,0.0,0.0,0.0,0.0
441,region_22,2020-02,0.0,0.0,0.0,0.0
442,region_22,2020-03,0.0,0.0,0.0,0.0
443,region_22,2020-04,0.0,0.0,0.0,0.0
444,region_22,2020-05,0.0,0.0,0.0,0.0
445,region_22,2020-06,0.0,0.0,0.0,0.0
446,region_22,2020-07,0.0,0.0,0.0,0.0
447,region_22,2020-08,551.2,551.2,100.0,0.0
448,region_22,2020-09,2357.89,1806.6899999999998,3.277739477503628,551.2
449,region_22,2020-10,2235.41,-122.48000000000002,-0.05194474721042963,2357.89
450,region_22,2020-11,3950.24,1714.83,0.7671210203050001,2235.41
451,region_22,2020-12,2817.22,-1133.02,-0.28682307910405447,3950.24
452,region_22,2021-01,3919.62,1102.4,0.3913077430942562,2817.22
453,region_22,2021-02,3123.44,-796.1799999999998,-0.20312683372367724,3919.62
454,region_22,2021-03,5052.63,1929.19,0.6176491304459186,3123.44
455,region_22,2021-04,3276.55,-1776.08,-0.3515159431820656,5052.63
456,region_22,2021-05,3276.55,0.0,0.0,3276.55
457,region_22,2021-06,2878.47,-398.0800000000004,-0.12149364422944875,3276.55
458,region_22,2021-07,3582.73,704.2600000000002,0.24466470034428012,2878.47
459,region_22,2021-08,1519.14,-2063.59,-0.575982560784653,3582.73
460,region_23,2020-01,0.0,0.0,0.0,0.0
461,region_23,2020-02,0.0,0.0,0.0,0.0
462,region_23,2020-03,0.0,0.0,0.0,0.0
463,region_23,2020-04,0.0,0.0,0.0,0.0
464,region_23,2020-05,0.0,0.0,0.0,0.0
465,region_23,2020-06,0.0,0.0,0.0,0.0
466,region_23,2020-07,0.0,0.0,0.0,0.0
467,region_23,2020-08,0.0,0.0,0.0,0.0
468,region_23,2020-09,91.87,91.87,100.0,0.0
469,region_23,2020-10,459.33,367.46,3.9997823010776097,91.87
470,region_23,2020-11,1224.88,765.5500000000002,1.666666666666667,459.33
471,region_23,2020-12,2388.52,1163.6399999999999,0.9500032656260202,1224.88
472,region_23,2021-01,2112.92,-275.5999999999999,-0.11538525949123302,2388.52
473,region_23,2021-02,1408.61,-704.3100000000002,-0.3333349109289515,2112.92
474,region_23,2021-03,3674.64,2266.0299999999997,1.6086993561028247,1408.61
475,region_23,2021-04,3000.96,-673.6799999999998,-0.18333224479132648,3674.64
476,region_23,2021-05,2112.92,-888.04,-0.2959186393687353,3000.96
477,region_23,2021-06,3490.91,1377.9899999999998,0.6521732957234536,2112.92
478,region_23,2021-07,3858.37,367.46000000000004,0.10526195175469999,3490.91
479,region_23,2021-08,1491.52,-2366.85,-0.6134326153271977,3858.37
480,region_24,2020-01,0.0,0.0,0.0,0.0
481,region_24,2020-02,0.0,0.0,0.0,0.0
482,region_24,2020-03,0.0,0.0,0.0,0.0
483,region_24,2020-04,0.0,0.0,0.0,0.0
484,region_24,2020-05,0.0,0.0,0.0,0.0
485,region_24,2020-06,0.0,0.0,0.0,0.0
486,region_24,2020-07,0.0,0.0,0.0,0.0
487,region_24,2020-08,826.79,826.79,100.0,0.0
488,region_24,2020-09,459.33,-367.46,-0.4444417566733996,826.79
489,region_24,2020-10,367.46,-91.87,-0.20000870833605466,459.33
490,region_24,2020-11,734.93,367.46999999999997,1.0000272138464048,367.46
491,region_24,2020-12,1408.61,673.68,0.9166587294028004,734.93
492,region_24,2021-01,1194.26,-214.3499999999999,-0.15217128942716573,1408.61
493,region_24,2021-02,2847.85,1653.59,1.3846147405087668,1194.26
494,region_24,2021-03,3950.24,1102.3899999999999,0.3870955282054884,2847.85
495,region_24,2021-04,3674.64,-275.5999999999999,-0.06976791283567574,3950.24
496,region_24,2021-05,2786.6,-888.04,-0.24166721093767007,3674.64
497,region_24,2021-06,5726.31,2939.7100000000005,1.0549450943802485,2786.6
498,region_24,2021-07,4409.57,-1316.7400000000007,-0.22994563689356684,5726.31
499,region_24,2021-08,3590.7,-818.8699999999999,-0.18570291434312192,4409.57
500,region_25,2020-01,0.0,0.0,0.0,0.0
501,region_25,2020-02,0.0,0.0,0.0,0.0
502,region_25,2020-03,0.0,0.0,0.0,0.0
503,region_25,2020-04,0.0,0.0,0.0,0.0
504,region_25,2020-05,0.0,0.0,0.0,0.0
505,region_25,2020-06,0.0,0.0,0.0,0.0
506,region_25,2020-07,0.0,0.0,0.0,0.0
507,region_25,2020-08,0.0,0.0,0.0,0.0
508,region_25,2020-09,275.6,275.6,100.0,0.0
509,region_25,2020-10,857.42,581.8199999999999,2.1111030478955004,275.6
510,region_25,2020-11,734.93,-122.49000000000001,-0.14285880898509484,857.42
511,region_25,2020-12,1929.19,1194.2600000000002,1.6249982991577432,734.93
512,region_25,2021-01,643.06,-1286.13,-0.6666683945075395,1929.19
513,region_25,2021-02,2419.14,1776.08,2.7619195720461542,643.06
514,region_25,2021-03,2664.11,244.97000000000025,0.10126325884405207,2419.14
515,region_25,2021-04,2480.38,-183.73000000000002,-0.06896487006917884,2664.11
516,region_25,2021-05,2204.76,-275.6199999999999,-0.11112007031180704,2480.38
517,region_25,2021-06,3674.64,1469.8799999999997,0.6666848092309365,2204.76
518,region_25,2021-07,2847.85,-826.79,-0.2249989114579931,3674.64
519,region_25,2021-08,2329.13,-518.7199999999998,-0.18214442474147152,2847.85
520,region_26,2020-01,0.0,0.0,0.0,0.0
521,region_26,2020-02,0.0,0.0,0.0,0.0
522,region_26,2020-03,0.0,0.0,0.0,0.0
523,region_26,2020-04,0.0,0.0,0.0,0.0
524,region_26,2020-05,0.0,0.0,0.0,0.0
525,region_26,2020-06,0.0,0.0,0.0,0.0
526,region_26,2020-07,0.0,0.0,0.0,0.0
527,region_26,2020-08,0.0,0.0,0.0,0.0
528,region_26,2020-09,551.2,551.2,100.0,0.0
529,region_26,2020-10,1959.81,1408.61,2.5555333817126265,551.2
530,region_26,2020-11,1316.75,-643.06,-0.3281236446390211,1959.81
531,region_26,2020-12,918.66,-398.09000000000003,-0.30232770077843174,1316.75
532,region_26,2021-01,2021.05,1102.3899999999999,1.1999978229159862,918.66
533,region_26,2021-02,2664.11,643.0600000000002,0.31818114346503057,2021.05
534,region_26,2021-03,3215.31,551.1999999999998,0.2068983638062991,2664.11
535,region_26,2021-04,2664.11,-551.1999999999998,-0.1714298154765792,3215.31
536,region_26,2021-05,3521.53,857.4200000000001,0.32184106512118493,2664.11
537,region_26,2021-06,1929.19,-1592.3400000000001,-0.4521727771735581,3521.53
538,region_26,2021-07,3123.44,1194.25,0.6190421886905904,1929.19
539,region_26,2021-08,4279.81,1156.3700000000003,0.37022321542914227,3123.44
540,region_27,2020-01,0.0,0.0,0.0,0.0
541,region_27,2020-02,0.0,0.0,0.0,0.0
542,region_27,2020-03,0.0,0.0,0.0,0.0
543,region_27,2020-04,0.0,0.0,0.0,0.0
544,region_27,2020-05,0.0,0.0,0.0,0.0
545,region_27,2020-06,0.0,0.0,0.0,0.0
546,region_27,2020-07,0.0,0.0,0.0,0.0
547,region_27,2020-08,0.0,0.0,0.0,0.0
548,region_27,2020-09,275.6,275.6,100.0,0.0
549,region_27,2020-10,643.06,367.4599999999999,1.3333091436865017,275.6
550,region_27,2020-11,918.66,275.6,0.42857587161384636,643.06
551,region_27,2020-12,1653.59,734.93,0.8000021770840136,918.66
552,region_27,2021-01,1561.72,-91.86999999999989,-0.055557907340997414,1653.59
553,region_27,2021-02,918.66,-643.0600000000001,-0.41176395256512055,1561.72
554,region_27,2021-03,1469.86,551.1999999999999,0.6000043541680273,918.66
555,region_27,2021-04,2143.54,673.6800000000001,0.4583293647014002,1469.86
556,region_27,2021-05,2021.05,-122.49000000000001,-0.05714379017886295,2143.54
557,region_27,2021-06,3399.04,1377.99,0.6818188565349694,2021.05
558,region_27,2021-07,1653.59,-1745.45,-0.5135126388627378,3399.04
559,region_27,2021-08,2651.6,998.01,0.6035413857122987,1653.59
560,region_28,2020-01,0.0,0.0,0.0,0.0
561,region_28,2020-02,0.0,0.0,0.0,0.0
562,region_28,2020-03,0.0,0.0,0.0,0.0
563,region_28,2020-04,0.0,0.0,0.0,0.0
564,region_28,2020-05,0.0,0.0,0.0,0.0
565,region_28,2020-06,0.0,0.0,0.0,0.0
566,region_28,2020-07,0.0,0.0,0.0,0.0
567,region_28,2020-08,0.0,0.0,0.0,0.0
568,region_28,2020-09,643.06,643.06,100.0,0.0
569,region_28,2020-10,0.0,-643.06,-1.0,643.06
570,region_28,2020-11,0.0,0.0,0.0,0.0
571,region_28,2020-12,0.0,0.0,0.0,0.0
572,region_28,2021-01,367.46,367.46,100.0,0.0
573,region_28,2021-02,275.6,-91.85999999999996,-0.24998639307679738,367.46
574,region_28,2021-03,643.06,367.4599999999999,1.3333091436865017,275.6
575,region_28,2021-04,826.79,183.73000000000002,0.2857120641930768,643.06
576,region_28,2021-05,581.82,-244.9699999999999,-0.29629047279236553,826.79
577,region_28,2021-06,459.33,-122.49000000000007,-0.21052902959678266,581.82
578,region_28,2021-07,857.42,398.09,0.8666753750027214,459.33
579,region_28,2021-08,745.76,-111.65999999999997,-0.13022789298126936,857.42
580,region_29,2020-01,0.0,0.0,0.0,0.0
581,region_29,2020-02,0.0,0.0,0.0,0.0
582,region_29,2020-03,0.0,0.0,0.0,0.0
583,region_29,2020-04,0.0,0.0,0.0,0.0
584,region_29,2020-05,0.0,0.0,0.0,0.0
585,region_29,2020-06,0.0,0.0,0.0,0.0
586,region_29,2020-07,0.0,0.0,0.0,0.0
587,region_29,2020-08,0.0,0.0,0.0,0.0
588,region_29,2020-09,0.0,0.0,0.0,0.0
589,region_29,2020-10,551.2,551.2,100.0,0.0
590,region_29,2020-11,0.0,-551.2,-1.0,551.2
591,region_29,2020-12,367.46,367.46,100.0,0.0
592,region_29,2021-01,551.2,183.74000000000007,0.5000272138464052,367.46
593,region_29,2021-02,1010.53,459.3299999999999,0.8333272859216254,551.2
594,region_29,2021-03,1102.39,91.86000000000013,0.09090279358356512,1010.53
595,region_29,2021-04,459.33,-643.0600000000002,-0.5833325774000128,1102.39
596,region_29,2021-05,1653.59,1194.26,2.600004354168027,459.33
597,region_29,2021-06,1194.26,-459.3299999999999,-0.2777774418084289,1653.59
598,region_29,2021-07,857.42,-336.84000000000003,-0.28204913502922313,1194.26
599,region_29,2021-08,331.45,-525.97,-0.6134333232254905,857.42
600,region_30,2020-01,0.0,0.0,0.0,0.0
601,region_30,2020-02,0.0,0.0,0.0,0.0
602,region_30,2020-03,0.0,0.0,0.0,0.0
603,region_30,2020-04,0.0,0.0,0.0,0.0
604,region_30,2020-05,0.0,0.0,0.0,0.0
605,region_30,2020-06,0.0,0.0,0.0,0.0
606,region_30,2020-07,0.0,0.0,0.0,0.0
607,region_30,2020-08,0.0,0.0,0.0,0.0
608,region_30,2020-09,367.46,367.46,100.0,0.0
609,region_30,2020-10,1041.15,673.69,1.833369618461874,367.46
610,region_30,2020-11,1286.12,244.9699999999998,0.2352879027997885,1041.15
611,region_30,2020-12,1194.26,-91.8599999999999,-0.07142412838615364,1286.12
612,region_30,2021-01,1929.19,734.9300000000001,0.615385259491233,1194.26
613,region_30,2021-02,2204.78,275.59000000000015,0.14285269983775573,1929.19
614,region_30,2021-03,1469.86,-734.9200000000003,-0.33333030960005094,2204.78
615,region_30,2021-04,2480.38,1010.5200000000002,0.6874940470521005,1469.86
616,region_30,2021-05,1745.45,-734.9300000000001,-0.29629734153637755,2480.38
617,region_30,2021-06,3766.51,2021.0600000000002,1.1579019737030567,1745.45
618,region_30,2021-07,4042.06,275.5499999999997,0.07315791010776551,3766.51
619,region_30,2021-08,2403.01,-1639.0499999999997,-0.4054986813654423,4042.06
620,region_31,2020-01,0.0,0.0,0.0,0.0
621,region_31,2020-02,0.0,0.0,0.0,0.0
622,region_31,2020-03,0.0,0.0,0.0,0.0
623,region_31,2020-04,0.0,0.0,0.0,0.0
624,region_31,2020-05,0.0,0.0,0.0,0.0
625,region_31,2020-06,0.0,0.0,0.0,0.0
626,region_31,2020-07,0.0,0.0,0.0,0.0
627,region_31,2020-08,0.0,0.0,0.0,0.0
628,region_31,2020-09,183.73,183.73,100.0,0.0
629,region_31,2020-10,1133.01,949.28,5.166712023077342,183.73
630,region_31,2020-11,949.28,-183.73000000000002,-0.1621609694530498,1133.01
631,region_31,2020-12,3674.64,2725.3599999999997,2.8709758975223325,949.28
632,region_31,2021-01,1286.12,-2388.52,-0.6500010885420069,3674.64
633,region_31,2021-02,1102.39,-183.7299999999998,-0.1428560320965383,1286.12
634,region_31,2021-03,2664.11,1561.72,1.4166674225999873,1102.39
635,region_31,2021-04,459.33,-2204.78,-0.8275859480276715,2664.11
636,region_31,2021-05,1377.97,918.6400000000001,1.9999564583197267,459.33
637,region_31,2021-06,1653.54,275.56999999999994,0.1999825830751032,1377.97
638,region_31,2021-07,3123.4,1469.8600000000001,0.8889171111675558,1653.54
639,region_31,2021-08,1867.84,-1255.5600000000002,-0.40198501632836015,3123.4
640,region_32,2020-01,0.0,0.0,0.0,0.0
641,region_32,2020-02,0.0,0.0,0.0,0.0
642,region_32,2020-03,0.0,0.0,0.0,0.0
643,region_32,2020-04,0.0,0.0,0.0,0.0
644,region_32,2020-05,0.0,0.0,0.0,0.0
645,region_32,2020-06,0.0,0.0,0.0,0.0
646,region_32,2020-07,0.0,0.0,0.0,0.0
647,region_32,2020-08,275.6,275.6,100.0,0.0
648,region_32,2020-09,0.0,-275.6,-1.0,275.6
649,region_32,2020-10,1041.15,1041.15,100.0,0.0
650,region_32,2020-11,1010.53,-30.62000000000012,-0.029409787254478292,1041.15
651,region_32,2020-12,2786.6,1776.07,1.7575628630520619,1010.53
652,region_32,2021-01,3062.2,275.5999999999999,0.09890188760496654,2786.6
653,region_32,2021-02,3399.04,336.84000000000015,0.10999934687479596,3062.2
654,region_32,2021-03,4930.14,1531.1000000000004,0.45045071549614013,3399.04
655,region_32,2021-04,4348.32,-581.8200000000006,-0.1180128759021043,4930.14
656,region_32,2021-05,4777.03,428.71000000000004,0.09859209993744722,4348.32
657,region_32,2021-06,5665.07,888.04,0.18589793239732644,4777.03
658,region_32,2021-07,3490.91,-2174.16,-0.3837834307431329,5665.07
659,region_32,2021-08,3645.95,155.03999999999996,0.04441248843424783,3490.91
660,region_33,2020-01,0.0,0.0,0.0,0.0
661,region_33,2020-02,0.0,0.0,0.0,0.0
662,region_33,2020-03,0.0,0.0,0.0,0.0
663,region_33,2020-04,0.0,0.0,0.0,0.0
664,region_33,2020-05,0.0,0.0,0.0,0.0
665,region_33,2020-06,0.0,0.0,0.0,0.0
666,region_33,2020-07,0.0,0.0,0.0,0.0
667,region_33,2020-08,0.0,0.0,0.0,0.0
668,region_33,2020-09,1929.19,1929.19,100.0,0.0
669,region_33,2020-10,3950.24,2021.0499999999997,1.0476158387717125,1929.19
670,region_33,2020-11,2021.05,-1929.1899999999998,-0.48837285835797317,3950.24
671,region_33,2020-12,3797.13,1776.0800000000002,0.8787907275920934,2021.05
672,region_33,2021-01,4287.08,489.9499999999998,0.12903166338787453,3797.13
673,region_33,2021-02,4593.3,306.22000000000025,0.0714285714285714,4287.08
674,region_33,2021-03,6093.78,1500.4799999999996,0.3266671020834693,4593.3
675,region_33,2021-04,3307.18,-2786.6,-0.4572859538742784,6093.78
676,region_33,2021-05,3062.2,-244.98000000000002,-0.07407519397190354,3307.18
677,region_33,2021-06,6093.78,3031.58,0.9900006531252041,3062.2
678,region_33,2021-07,6369.33,275.5500000000002,0.04521823892559307,6093.78
679,region_33,2021-08,2734.46,-3634.87,-0.5706832586786994,6369.33
680,region_34,2020-01,0.0,0.0,0.0,0.0
681,region_34,2020-02,0.0,0.0,0.0,0.0
682,region_34,2020-03,0.0,0.0,0.0,0.0
683,region_34,2020-04,0.0,0.0,0.0,0.0
684,region_34,2020-05,0.0,0.0,0.0,0.0
685,region_34,2020-06,0.0,0.0,0.0,0.0
686,region_34,2020-07,0.0,0.0,0.0,0.0
687,region_34,2020-08,0.0,0.0,0.0,0.0
688,region_34,2020-09,0.0,0.0,0.0,0.0
689,region_34,2020-10,0.0,0.0,0.0,0.0
690,region_34,2020-11,0.0,0.0,0.0,0.0
691,region_34,2020-12,0.0,0.0,0.0,0.0
692,region_34,2021-01,275.6,275.6,100.0,0.0
693,region_34,2021-02,918.66,643.06,2.3333091436865017,275.6
694,region_34,2021-03,643.06,-275.6,-0.30000217708401367,918.66
695,region_34,2021-04,918.66,275.6,0.42857587161384636,643.06
696,region_34,2021-05,459.33,-459.33,-0.5,918.66
697,region_34,2021-06,1102.37,643.04,1.3999521041516991,459.33
698,region_34,2021-07,1194.26,91.8900000000001,0.08335676769142863,1102.37
699,region_34,2021-08,828.62,-365.64,-0.3061644867951703,1194.26
700,region_35,2020-01,0.0,0.0,0.0,0.0
701,region_35,2020-02,0.0,0.0,0.0,0.0
702,region_35,2020-03,0.0,0.0,0.0,0.0
703,region_35,2020-04,0.0,0.0,0.0,0.0
704,region_35,2020-05,0.0,0.0,0.0,0.0
705,region_35,2020-06,0.0,0.0,0.0,0.0
706,region_35,2020-07,0.0,0.0,0.0,0.0
707,region_35,2020-08,275.6,275.6,100.0,0.0
708,region_35,2020-09,2296.65,2021.0500000000002,7.333272859216255,275.6
709,region_35,2020-10,3154.07,857.4200000000001,0.3733350750005442,2296.65
710,region_35,2020-11,2388.52,-765.5500000000002,-0.24271813878575943,3154.07
711,region_35,2020-12,2970.33,581.81,0.24358598630114048,2388.52
712,region_35,2021-01,2388.52,-581.81,-0.19587385913349697,2970.33
713,region_35,2021-02,3644.02,1255.5,0.5256393080233785,2388.52
714,region_35,2021-03,5910.05,2266.03,0.6218489470420032,3644.02
715,region_35,2021-04,3980.86,-1929.19,-0.32642532635087684,5910.05
716,region_35,2021-05,4133.97,153.11000000000013,0.03846153846153855,3980.86
717,region_35,2021-06,5175.12,1041.1499999999996,0.25185233564829934,4133.97
718,region_35,2021-07,5358.63,183.51000000000022,0.03546004730325092,5175.12
719,region_35,2021-08,4640.29,-718.3400000000001,-0.134052920242674,5358.63
720,region_36,2020-01,0.0,0.0,0.0,0.0
721,region_36,2020-02,0.0,0.0,0.0,0.0
722,region_36,2020-03,0.0,0.0,0.0,0.0
723,region_36,2020-04,0.0,0.0,0.0,0.0
724,region_36,2020-05,0.0,0.0,0.0,0.0
725,region_36,2020-06,0.0,0.0,0.0,0.0
726,region_36,2020-07,0.0,0.0,0.0,0.0
727,region_36,2020-08,0.0,0.0,0.0,0.0
728,region_36,2020-09,0.0,0.0,0.0,0.0
729,region_36,2020-10,30.62,30.62,100.0,0.0
730,region_36,2020-11,826.79,796.17,26.001632919660352,30.62
731,region_36,2020-12,122.49,-704.3,-0.8518487161189661,826.79
732,region_36,2021-01,0.0,-122.49,-1.0,122.49
733,region_36,2021-02,918.66,918.66,100.0,0.0
734,region_36,2021-03,643.06,-275.6,-0.30000217708401367,918.66
735,region_36,2021-04,183.73,-459.3299999999999,-0.7142879358069232,643.06
736,region_36,2021-05,581.82,398.09000000000003,2.1667120230773422,183.73
737,region_36,2021-06,612.44,30.620000000000005,0.05262796053762342,581.82
738,region_36,2021-07,643.06,30.61999999999989,0.049996734373979335,612.44
739,region_36,2021-08,580.04,-63.01999999999998,-0.09800018660778154,643.06
740,region_37,2020-01,0.0,0.0,0.0,0.0
741,region_37,2020-02,0.0,0.0,0.0,0.0
742,region_37,2020-03,0.0,0.0,0.0,0.0
743,region_37,2020-04,0.0,0.0,0.0,0.0
744,region_37,2020-05,0.0,0.0,0.0,0.0
745,region_37,2020-06,0.0,0.0,0.0,0.0
746,region_37,2020-07,0.0,0.0,0.0,0.0
747,region_37,2020-08,275.6,275.6,100.0,0.0
748,region_37,2020-09,0.0,-275.6,-1.0,275.6
749,region_37,2020-10,91.87,91.87,100.0,0.0
750,region_37,2020-11,826.79,734.92,7.999564602155219,91.87
751,region_37,2020-12,1469.86,643.0699999999999,0.7777912166330023,826.79
752,region_37,2021-01,1561.72,91.86000000000013,0.0624957478943573,1469.86
753,region_37,2021-02,1286.12,-275.60000000000014,-0.17647209486975912,1561.72
754,region_37,2021-03,1837.32,551.2,0.42857587161384636,1286.12
755,region_37,2021-04,2112.92,275.60000000000014,0.1500010885420069,1837.32
756,region_37,2021-05,1867.92,-245.0,-0.11595327792817522,2112.92
757,region_37,2021-06,3123.44,1255.52,0.672148700158465,1867.92
758,region_37,2021-07,2021.05,-1102.39,-0.35294098814128017,3123.44
759,region_37,2021-08,2320.15,299.10000000000014,0.14799238019841177,2021.05
760,region_38,2020-01,0.0,0.0,0.0,0.0
761,region_38,2020-02,0.0,0.0,0.0,0.0
762,region_38,2020-03,0.0,0.0,0.0,0.0
763,region_38,2020-04,0.0,0.0,0.0,0.0
764,region_38,2020-05,0.0,0.0,0.0,0.0
765,region_38,2020-06,0.0,0.0,0.0,0.0
766,region_38,2020-07,0.0,0.0,0.0,0.0
767,region_38,2020-08,275.6,275.6,100.0,0.0
768,region_38,2020-09,949.28,673.68,2.4444121915820025,275.6
769,region_38,2020-10,1653.59,704.31,0.7419412607449856,949.28
770,region_38,2020-11,1377.99,-275.5999999999999,-0.1666676745747131,1653.59
771,region_38,2020-12,3307.18,1929.1899999999998,1.4000029027786849,1377.99
772,region_38,2021-01,4133.97,826.7900000000004,0.24999848813793024,3307.18
773,region_38,2021-02,4501.43,367.46000000000004,0.08888792129599388,4133.97
774,region_38,2021-03,6736.84,2235.41,0.4965999693430754,4501.43
775,region_38,2021-04,6063.16,-673.6800000000003,-0.09999940624981452,6736.84
776,region_38,2021-05,3215.31,-2847.85,-0.46969731954954186,6063.16
777,region_38,2021-06,4133.97,918.6600000000003,0.2857142857142858,3215.31
778,region_38,2021-07,3735.88,-398.09000000000015,-0.09629726388919124,4133.97
779,region_38,2021-08,4143.12,407.2399999999998,0.1090077839759307,3735.88
780,region_39,2020-01,0.0,0.0,0.0,0.0
781,region_39,2020-02,0.0,0.0,0.0,0.0
782,region_39,2020-03,0.0,0.0,0.0,0.0
783,region_39,2020-04,0.0,0.0,0.0,0.0
784,region_39,2020-05,0.0,0.0,0.0,0.0
785,region_39,2020-06,0.0,0.0,0.0,0.0
786,region_39,2020-07,0.0,0.0,0.0,0.0
787,region_39,2020-08,0.0,0.0,0.0,0.0
788,region_39,2020-09,826.79,826.79,100.0,0.0
789,region_39,2020-10,1286.12,459.3299999999999,0.5555582433266004,826.79
790,region_39,2020-11,3399.04,2112.92,1.6428638074207695,1286.12
791,region_39,2020-12,6522.49,3123.45,0.9189212248164187,3399.04
792,region_39,2021-01,4287.08,-2235.41,-0.3427234077783178,6522.49
793,region_39,2021-02,3521.53,-765.5499999999997,-0.1785714285714285,4287.08
794,region_39,2021-03,4899.52,1377.9900000000002,0.3913043478260869,3521.53
795,region_39,2021-04,4042.1,-857.4200000000005,-0.17500081640650522,4899.52
796,region_39,2021-05,6216.27,2174.1700000000005,0.5378812993246087,4042.1
797,region_39,2021-06,5603.83,-612.4400000000005,-0.09852210409136031,6216.27
798,region_39,2021-07,4930.14,-673.6899999999996,-0.1202195641195396,5603.83
799,region_39,2021-08,3866.2,-1063.9400000000005,-0.21580320234313843,4930.14
800,region_40,2020-01,0.0,0.0,0.0,0.0
801,region_40,2020-02,0.0,0.0,0.0,0.0
802,region_40,2020-03,0.0,0.0,0.0,0.0
803,region_40,2020-04,0.0,0.0,0.0,0.0
804,region_40,2020-05,0.0,0.0,0.0,0.0
805,region_40,2020-06,0.0,0.0,0.0,0.0
806,region_40,2020-07,0.0,0.0,0.0,0.0
807,region_40,2020-08,91.87,91.87,100.0,0.0
808,region_40,2020-09,214.35,122.47999999999999,1.3331882007184062,91.87
809,region_40,2020-10,1010.53,796.18,3.7143923489619777,214.35
810,region_40,2020-11,1469.86,459.3299999999999,0.45454365530959007,1010.53
811,region_40,2020-12,2847.85,1377.99,0.9374974487366143,1469.86
812,region_40,2021-01,2388.52,-459.3299999999999,-0.16129009603736155,2847.85
813,region_40,2021-02,1929.19,-459.3299999999999,-0.1923073702543835,2388.52
814,region_40,2021-03,2939.71,1010.52,0.5238053276245471,1929.19
815,region_40,2021-04,1837.32,-1102.39,-0.3749995747879893,2939.71
816,region_40,2021-05,3215.31,1377.99,0.75,1837.32
817,region_40,2021-06,2664.02,-551.29,-0.17145780655675502,3215.31
818,region_40,2021-07,3398.94,734.9200000000001,0.2758687997837854,2664.02
819,region_40,2021-08,1195.99,-2202.95,-0.6481285341900711,3398.94
820,region_41,2020-01,0.0,0.0,0.0,0.0
821,region_41,2020-02,0.0,0.0,0.0,0.0
822,region_41,2020-03,0.0,0.0,0.0,0.0
823,region_41,2020-04,0.0,0.0,0.0,0.0
824,region_41,2020-05,0.0,0.0,0.0,0.0
825,region_41,2020-06,0.0,0.0,0.0,0.0
826,region_41,2020-07,0.0,0.0,0.0,0.0
827,region_41,2020-08,367.46,367.46,100.0,0.0
828,region_41,2020-09,2388.52,2021.06,5.500081641539215,367.46
829,region_41,2020-10,1592.34,-796.1800000000001,-0.33333612446201,2388.52
830,region_41,2020-11,1867.94,275.60000000000014,0.17307861386387335,1592.34
831,region_41,2020-12,3674.64,1806.6999999999998,0.9672152210456437,1867.94
832,region_41,2021-01,1010.53,-2664.1099999999997,-0.7249989114579931,3674.64
833,region_41,2021-02,3399.04,2388.51,2.363621070131515,1010.53
834,region_41,2021-03,3490.91,91.86999999999989,0.027028219732630365,3399.04
835,region_41,2021-04,3215.31,-275.5999999999999,-0.07894789610731867,3490.91
836,region_41,2021-05,2419.14,-796.1700000000001,-0.24761842559504377,3215.31
837,region_41,2021-06,4133.97,1714.8300000000004,0.708859346709988,2419.14
838,region_41,2021-07,4807.56,673.5900000000001,0.1629402245299314,4133.97
839,region_41,2021-08,3645.95,-1161.6100000000006,-0.2416215294244899,4807.56
840,region_42,2020-01,0.0,0.0,0.0,0.0
841,region_42,2020-02,0.0,0.0,0.0,0.0
842,region_42,2020-03,0.0,0.0,0.0,0.0
843,region_42,2020-04,0.0,0.0,0.0,0.0
844,region_42,2020-05,0.0,0.0,0.0,0.0
845,region_42,2020-06,0.0,0.0,0.0,0.0
846,region_42,2020-07,0.0,0.0,0.0,0.0
847,region_42,2020-08,0.0,0.0,0.0,0.0
848,region_42,2020-09,551.2,551.2,100.0,0.0
849,region_42,2020-10,1837.32,1286.12,2.3333091436865017,551.2
850,region_42,2020-11,2051.67,214.35000000000014,0.11666448958265296,1837.32
851,region_42,2020-12,1745.45,-306.22,-0.14925402233302631,2051.67
852,region_42,2021-01,918.66,-826.7900000000001,-0.47368300438282396,1745.45
853,region_42,2021-02,1224.88,306.22000000000014,0.3333333333333335,918.66
854,region_42,2021-03,1408.61,183.7299999999998,0.14999836718698956,1224.88
855,region_42,2021-04,1561.72,153.11000000000013,0.10869580650428445,1408.61
856,region_42,2021-05,3215.31,1653.59,1.0588261660220781,1561.72
857,region_42,2021-06,5022.01,1806.7000000000003,0.561905383928766,3215.31
858,region_42,2021-07,3337.8,-1684.21,-0.3353657201001192,5022.01
859,region_42,2021-08,2815.91,-521.8900000000003,-0.15635748097549296,3337.8
860,region_43,2020-01,0.0,0.0,0.0,0.0
861,region_43,2020-02,0.0,0.0,0.0,0.0
862,region_43,2020-03,0.0,0.0,0.0,0.0
863,region_43,2020-04,0.0,0.0,0.0,0.0
864,region_43,2020-05,0.0,0.0,0.0,0.0
865,region_43,2020-06,0.0,0.0,0.0,0.0
866,region_43,2020-07,0.0,0.0,0.0,0.0
867,region_43,2020-08,459.33,459.33,100.0,0.0
868,region_43,2020-09,3123.44,2664.11,5.799991291663946,459.33
869,region_43,2020-10,4317.7,1194.2599999999998,0.38235407115231923,3123.44
870,region_43,2020-11,2480.38,-1837.3199999999997,-0.42553211200407615,4317.7
871,region_43,2020-12,5052.63,2572.25,1.0370386795571647,2480.38
872,region_43,2021-01,3735.88,-1316.75,-0.26060685227297464,5052.63
873,region_43,2021-02,5052.63,1316.75,0.35246046446888024,3735.88
874,region_43,2021-03,7257.41,2204.7799999999997,0.43636284469672226,5052.63
875,region_43,2021-04,6981.82,-275.59000000000015,-0.037973602152834185,7257.41
876,region_43,2021-05,4685.17,-2296.6499999999996,-0.3289471799616719,6981.82
877,region_43,2021-06,6981.82,2296.6499999999996,0.4901956599226922,4685.17
878,region_43,2021-07,7533.01,551.1900000000005,0.0789464638160251,6981.82
879,region_43,2021-08,7291.89,-241.1199999999999,-0.03200845346017067,7533.01
880,region_44,2020-01,0.0,0.0,0.0,0.0
881,region_44,2020-02,0.0,0.0,0.0,0.0
882,region_44,2020-03,0.0,0.0,0.0,0.0
883,region_44,2020-04,0.0,0.0,0.0,0.0
884,region_44,2020-05,0.0,0.0,0.0,0.0
885,region_44,2020-06,0.0,0.0,0.0,0.0
886,region_44,2020-07,0.0,0.0,0.0,0.0
887,region_44,2020-08,91.87,91.87,100.0,0.0
888,region_44,2020-09,275.6,183.73000000000002,1.9998911505388048,91.87
889,region_44,2020-10,734.93,459.3299999999999,1.6666545718432508,275.6
890,region_44,2020-11,1959.81,1224.88,1.6666621310873144,734.93
891,region_44,2020-12,1929.19,-30.61999999999989,-0.015623963547486741,1959.81
892,region_44,2021-01,1500.48,-428.71000000000004,-0.22222279816917978,1929.19
893,region_44,2021-02,3337.8,1837.3200000000002,1.224488163787588,1500.48
894,region_44,2021-03,3460.29,122.48999999999978,0.036697824914614374,3337.8
895,region_44,2021-04,3368.42,-91.86999999999989,-0.026549797849313217,3460.29
896,region_44,2021-05,1653.59,-1714.8300000000002,-0.5090903153407236,3368.42
897,region_44,2021-06,3031.58,1377.99,0.8333323254252869,1653.59
898,region_44,2021-07,2204.78,-826.7999999999997,-0.27272907196907215,3031.58
899,region_44,2021-08,3231.63,1026.85,0.4657380781756002,2204.78
900,region_45,2020-01,0.0,0.0,0.0,0.0
901,region_45,2020-02,0.0,0.0,0.0,0.0
902,region_45,2020-03,0.0,0.0,0.0,0.0
903,region_45,2020-04,0.0,0.0,0.0,0.0
904,region_45,2020-05,0.0,0.0,0.0,0.0
905,region_45,2020-06,0.0,0.0,0.0,0.0
906,region_45,2020-07,0.0,0.0,0.0,0.0
907,region_45,2020-08,1653.59,1653.59,100.0,0.0
908,region_45,2020-09,4195.21,2541.62,1.5370315495376725,1653.59
909,region_45,2020-10,4133.97,-61.23999999999978,-0.014597600596871096,4195.21
910,region_45,2020-11,5726.31,1592.3400000000001,0.38518421759229016,4133.97
911,region_45,2020-12,6155.02,428.71000000000004,0.07486671172185932,5726.31
912,region_45,2021-01,6063.16,-91.86000000000058,-0.014924403170095357,6155.02
913,region_45,2021-02,8635.4,2572.24,0.42424082491638027,6063.16
914,region_45,2021-03,8941.62,306.22000000000116,0.03546100933367313,8635.4
915,region_45,2021-04,7900.48,-1041.1400000000012,-0.11643751356018273,8941.62
916,region_45,2021-05,8267.94,367.46000000000095,0.046511098059864864,7900.48
917,region_45,2021-06,10380.86,2112.92,0.2555557974537792,8267.94
918,region_45,2021-07,9278.47,-1102.3900000000012,-0.10619447714351227,10380.86
919,region_45,2021-08,11352.15,2073.6800000000003,0.22349374411945067,9278.47
920,region_46,2020-01,0.0,0.0,0.0,0.0
921,region_46,2020-02,0.0,0.0,0.0,0.0
922,region_46,2020-03,0.0,0.0,0.0,0.0
923,region_46,2020-04,0.0,0.0,0.0,0.0
924,region_46,2020-05,0.0,0.0,0.0,0.0
925,region_46,2020-06,0.0,0.0,0.0,0.0
926,region_46,2020-07,0.0,0.0,0.0,0.0
927,region_46,2020-08,0.0,0.0,0.0,0.0
928,region_46,2020-09,0.0,0.0,0.0,0.0
929,region_46,2020-10,91.87,91.87,100.0,0.0
930,region_46,2020-11,2664.11,2572.2400000000002,27.998693806465656,91.87
931,region_46,2020-12,367.46,-2296.65,-0.8620702598616423,2664.11
932,region_46,2021-01,91.87,-275.59,-0.7499863930767974,367.46
933,region_46,2021-02,643.06,551.1899999999999,5.999673451616413,91.87
934,region_46,2021-03,367.46,-275.59999999999997,-0.42857587161384625,643.06
935,region_46,2021-04,2021.05,1653.59,4.5000544276928105,367.46
936,region_46,2021-05,367.46,-1653.59,-0.8181836174265852,2021.05
937,region_46,2021-06,367.46,0.0,0.0,367.46
938,region_46,2021-07,275.6,-91.85999999999996,-0.24998639307679738,367.46
939,region_46,2021-08,0.0,-275.6,-1.0,275.6
940,region_47,2020-01,0.0,0.0,0.0,0.0
941,region_47,2020-02,0.0,0.0,0.0,0.0
942,region_47,2020-03,0.0,0.0,0.0,0.0
943,region_47,2020-04,0.0,0.0,0.0,0.0
944,region_47,2020-05,0.0,0.0,0.0,0.0
945,region_47,2020-06,0.0,0.0,0.0,0.0
946,region_47,2020-07,0.0,0.0,0.0,0.0
947,region_47,2020-08,0.0,0.0,0.0,0.0
948,region_47,2020-09,1194.26,1194.26,100.0,0.0
949,region_47,2020-10,2266.03,1071.7700000000002,0.8974343945204564,1194.26
950,region_47,2020-11,1776.08,-489.9500000000003,-0.21621514278275233,2266.03
951,region_47,2020-12,2419.14,643.06,0.36206702400792756,1776.08
952,region_47,2021-01,3766.51,1347.3700000000003,0.556962391593707,2419.14
953,region_47,2021-02,4042.1,275.5899999999997,0.0731685300185052,3766.51
954,region_47,2021-03,5481.34,1439.2400000000002,0.35606244278963906,4042.1
955,region_47,2021-04,5297.61,-183.73000000000047,-0.03351917596792031,5481.34
956,region_47,2021-05,4501.43,-796.1799999999994,-0.1502904139791339,5297.61
957,region_47,2021-06,6859.33,2357.8999999999996,0.5238113221798406,4501.43
958,region_47,2021-07,6430.52,-428.8099999999995,-0.06251485203365337,6859.33
959,region_47,2021-08,3010.67,-3419.8500000000004,-0.5318154674894099,6430.52
960,region_48,2020-01,0.0,0.0,0.0,0.0
961,region_48,2020-02,0.0,0.0,0.0,0.0
962,region_48,2020-03,0.0,0.0,0.0,0.0
963,region_48,2020-04,0.0,0.0,0.0,0.0
964,region_48,2020-05,0.0,0.0,0.0,0.0
965,region_48,2020-06,0.0,0.0,0.0,0.0
966,region_48,2020-07,0.0,0.0,0.0,0.0
967,region_48,2020-08,0.0,0.0,0.0,0.0
968,region_48,2020-09,1194.26,1194.26,100.0,0.0
969,region_48,2020-10,1469.86,275.5999999999999,0.23077051898246603,1194.26
970,region_48,2020-11,1377.99,-91.86999999999989,-0.06250255126338555,1469.86
971,region_48,2020-12,2480.38,1102.39,0.7999985486106576,1377.99
972,region_48,2021-01,918.66,-1561.7200000000003,-0.6296293309896064,2480.38
973,region_48,2021-02,1684.21,765.5500000000001,0.8333333333333335,918.66
974,region_48,2021-03,2572.25,888.04,0.5272739147730983,1684.21
975,region_48,2021-04,1745.45,-826.8,-0.321430654096608,2572.25
976,region_48,2021-05,3000.96,1255.51,0.7193044773554098,1745.45
977,region_48,2021-06,1102.29,-1898.67,-0.6326875399872041,3000.96
978,region_48,2021-07,2939.61,1837.3200000000002,1.6668208910540785,1102.29
979,region_48,2021-08,2632.27,-307.34000000000015,-0.10455128401386582,2939.61
980,region_49,2020-01,0.0,0.0,0.0,0.0
981,region_49,2020-02,0.0,0.0,0.0,0.0
982,region_49,2020-03,0.0,0.0,0.0,0.0
983,region_49,2020-04,0.0,0.0,0.0,0.0
984,region_49,2020-05,0.0,0.0,0.0,0.0
985,region_49,2020-06,0.0,0.0,0.0,0.0
986,region_49,2020-07,0.0,0.0,0.0,0.0
987,region_49,2020-08,0.0,0.0,0.0,0.0
988,region_49,2020-09,643.06,643.06,100.0,0.0
989,region_49,2020-10,643.06,0.0,0.0,643.06
990,region_49,2020-11,1408.61,765.55,1.1904798930115388,643.06
991,region_49,2020-12,1010.53,-398.0799999999999,-0.2826048373928909,1408.61
992,region_49,2021-01,2327.27,1316.74,1.3030192077424716,1010.53
993,region_49,2021-02,2143.54,-183.73000000000002,-0.07894657689051976,2327.27
994,region_49,2021-03,2755.98,612.44,0.2857142857142858,2143.54
995,region_49,2021-04,2112.92,-643.06,-0.23333260763866204,2755.98
996,region_49,2021-05,2419.14,306.2199999999998,0.14492739904965624,2112.92
997,region_49,2021-06,1102.39,-1316.7499999999998,-0.5443050009507511,2419.14
998,region_49,2021-07,3950.24,2847.8499999999995,2.58334164859986,1102.39
999,region_49,2021-08,1242.94,-2707.2999999999997,-0.685350763497914,3950.24
1000,region_50,2020-01,0.0,0.0,0.0,0.0
1001,region_50,2020-02,0.0,0.0,0.0,0.0
1002,region_50,2020-03,0.0,0.0,0.0,0.0
1003,region_50,2020-04,0.0,0.0,0.0,0.0
1004,region_50,2020-05,0.0,0.0,0.0,0.0
1005,region_50,2020-06,0.0,0.0,0.0,0.0
1006,region_50,2020-07,0.0,0.0,0.0,0.0
1007,region_50,2020-08,91.87,91.87,100.0,0.0
1008,region_50,2020-09,489.95,398.08,4.3330793512572106,91.87
1009,region_50,2020-10,1377.99,888.04,1.8125114807633431,489.95
1010,region_50,2020-11,3582.77,2204.7799999999997,1.5999970972213151,1377.99
1011,region_50,2020-12,3337.8,-244.9699999999998,-0.06837447003296326,3582.77
1012,region_50,2021-01,2878.47,-459.3300000000004,-0.13761459644076945,3337.8
1013,region_50,2021-02,6798.08,3919.61,1.3616990970897733,2878.47
1014,region_50,2021-03,3705.26,-3092.8199999999997,-0.454954928450386,6798.08
1015,region_50,2021-04,3705.19,-0.07000000000016371,-1.889206155580858e-05,3705.26
1016,region_50,2021-05,5695.62,1990.4299999999998,0.5372005214307498,3705.19
1017,region_50,2021-06,4317.63,-1377.9899999999998,-0.24193854224825384,5695.62
1018,region_50,2021-07,10380.86,6063.2300000000005,1.404295875283431,4317.63
1019,region_50,2021-08,6159.44,-4221.420000000001,-0.40665416930774534,10380.86
1020,region_51,2020-01,0.0,0.0,0.0,0.0
1021,region_51,2020-02,0.0,0.0,0.0,0.0
1022,region_51,2020-03,0.0,0.0,0.0,0.0
1023,region_51,2020-04,0.0,0.0,0.0,0.0
1024,region_51,2020-05,0.0,0.0,0.0,0.0
1025,region_51,2020-06,0.0,0.0,0.0,0.0
1026,region_51,2020-07,0.0,0.0,0.0,0.0
1027,region_51,2020-08,91.87,91.87,100.0,0.0
1028,region_51,2020-09,2755.98,2664.11,28.998693806465656,91.87
1029,region_51,2020-10,1194.26,-1561.72,-0.5666659409719954,2755.98
1030,region_51,2020-11,1776.08,581.8199999999999,0.4871803459883106,1194.26
1031,region_51,2020-12,3215.31,1439.23,0.810340750416648,1776.08
1032,region_51,2021-01,3123.44,-91.86999999999989,-0.0285726726194363,3215.31
1033,region_51,2021-02,4042.1,918.6599999999999,0.29411802371743967,3123.44
1034,region_51,2021-03,5328.2,1286.1,0.31817619554192134,4042.1
1035,region_51,2021-04,3950.24,-1377.96,-0.2586164183026163,5328.2
1036,region_51,2021-05,5236.34,1286.1000000000004,0.3255751549272956,3950.24
1037,region_51,2021-06,3031.48,-2204.86,-0.42106891454718376,5236.34
1038,region_51,2021-07,6460.95,3429.47,1.131285708630768,3031.48
1039,region_51,2021-08,3231.63,-3229.3199999999997,-0.4998212337194994,6460.95
1040,region_52,2020-01,0.0,0.0,0.0,0.0
1041,region_52,2020-02,0.0,0.0,0.0,0.0
1042,region_52,2020-03,0.0,0.0,0.0,0.0
1043,region_52,2020-04,0.0,0.0,0.0,0.0
1044,region_52,2020-05,0.0,0.0,0.0,0.0
1045,region_52,2020-06,0.0,0.0,0.0,0.0
1046,region_52,2020-07,0.0,0.0,0.0,0.0
1047,region_52,2020-08,1745.45,1745.45,100.0,0.0
1048,region_52,2020-09,4256.46,2511.01,1.4386032255292331,1745.45
1049,region_52,2020-10,3552.15,-704.31,-0.1654684878983944,4256.46
1050,region_52,2020-11,5848.8,2296.65,0.6465520881719522,3552.15
1051,region_52,2020-12,5205.74,-643.0600000000004,-0.1099473396252223,5848.8
1052,region_52,2021-01,5328.23,122.48999999999978,0.023529795956002353,5205.74
1053,region_52,2021-02,7563.63,2235.4000000000005,0.4195389463292689,5328.23
1054,region_52,2021-03,8359.81,796.1799999999994,0.10526427125599747,7563.63
1055,region_52,2021-04,6706.22,-1653.5899999999992,-0.19780234239773387,8359.81
1056,region_52,2021-05,6798.06,91.84000000000015,0.013694749053863475,6706.22
1057,region_52,2021-06,6001.91,-796.1500000000005,-0.11711429437221799,6798.06
1058,region_52,2021-07,6981.57,979.6599999999999,0.16322470680166812,6001.91
1059,region_52,2021-08,5524.16,-1457.4099999999999,-0.2087510402388001,6981.57
1060,region_53,2020-01,0.0,0.0,0.0,0.0
1061,region_53,2020-02,0.0,0.0,0.0,0.0
1062,region_53,2020-03,0.0,0.0,0.0,0.0
1063,region_53,2020-04,0.0,0.0,0.0,0.0
1064,region_53,2020-05,0.0,0.0,0.0,0.0
1065,region_53,2020-06,0.0,0.0,0.0,0.0
1066,region_53,2020-07,0.0,0.0,0.0,0.0
1067,region_53,2020-08,0.0,0.0,0.0,0.0
1068,region_53,2020-09,183.73,183.73,100.0,0.0
1069,region_53,2020-10,1561.72,1377.99,7.500081641539216,183.73
1070,region_53,2020-11,551.2,-1010.52,-0.647055810260482,1561.72
1071,region_53,2020-12,367.46,-183.74000000000007,-0.33334542815674906,551.2
1072,region_53,2021-01,826.79,459.33,1.2500136069232024,367.46
1073,region_53,2021-02,0.0,-826.79,-1.0,826.79
1074,region_53,2021-03,2204.78,2204.78,100.0,0.0
1075,region_53,2021-04,183.73,-2021.0500000000002,-0.9166674225999873,2204.78
1076,region_53,2021-05,643.06,459.3299999999999,2.500027213846405,183.73
1077,region_53,2021-06,2664.02,2020.96,3.142723851584611,643.06
1078,region_53,2021-07,1653.59,-1010.4300000000001,-0.3792876930353376,2664.02
1079,region_53,2021-08,1711.78,58.190000000000055,0.03519010153665669,1653.59
1080,region_54,2020-01,0.0,0.0,0.0,0.0
1081,region_54,2020-02,0.0,0.0,0.0,0.0
1082,region_54,2020-03,0.0,0.0,0.0,0.0
1083,region_54,2020-04,0.0,0.0,0.0,0.0
1084,region_54,2020-05,0.0,0.0,0.0,0.0
1085,region_54,2020-06,0.0,0.0,0.0,0.0
1086,region_54,2020-07,0.0,0.0,0.0,0.0
1087,region_54,2020-08,0.0,0.0,0.0,0.0
1088,region_54,2020-09,2511.0,2511.0,100.0,0.0
1089,region_54,2020-10,918.66,-1592.3400000000001,-0.6341457586618877,2511.0
1090,region_54,2020-11,2633.49,1714.83,1.8666644895826527,918.66
1091,region_54,2020-12,4317.7,1684.21,0.639535369414731,2633.49
1092,region_54,2021-01,2480.38,-1837.3199999999997,-0.42553211200407615,4317.7
1093,region_54,2021-02,2847.85,367.4699999999998,0.1481506865883453,2480.38
1094,region_54,2021-03,4777.03,1929.1799999999998,0.6774162965043804,2847.85
1095,region_54,2021-04,3674.64,-1102.3899999999999,-0.2307689087152477,4777.03
1096,region_54,2021-05,2939.71,-734.9299999999998,-0.20000054427100333,3674.64
1097,region_54,2021-06,5328.23,2388.5199999999995,0.8125019134540481,2939.71
1098,region_54,2021-07,6706.22,1377.9900000000007,0.25862059257952463,5328.23
1099,region_54,2021-08,4087.17,-2619.05,-0.3905404236663873,6706.22
1100,region_55,2020-01,0.0,0.0,0.0,0.0
1101,region_55,2020-02,0.0,0.0,0.0,0.0
1102,region_55,2020-03,0.0,0.0,0.0,0.0
1103,region_55,2020-04,0.0,0.0,0.0,0.0
1104,region_55,2020-05,0.0,0.0,0.0,0.0
1105,region_55,2020-06,0.0,0.0,0.0,0.0
1106,region_55,2020-07,0.0,0.0,0.0,0.0
1107,region_55,2020-08,489.95,489.95,100.0,0.0
1108,region_55,2020-09,4072.73,3582.78,7.312542096132258,489.95
1109,region_55,2020-10,3000.96,-1071.77,-0.2631576362783685,4072.73
1110,region_55,2020-11,6093.78,3092.8199999999997,1.0306102047344847,3000.96
1111,region_55,2020-12,7563.63,1469.8500000000004,0.24120496637555022,6093.78
1112,region_55,2021-01,7563.63,0.0,0.0,7563.63
1113,region_55,2021-02,7931.1,367.47000000000025,0.04858381491426744,7563.63
1114,region_55,2021-03,13075.59,5144.49,0.6486477285622423,7931.1
1115,region_55,2021-04,12034.45,-1041.1399999999994,-0.07962470527142551,13075.59
1116,region_55,2021-05,12891.86,857.4099999999999,0.07124629708877439,12034.45
1117,region_55,2021-06,9094.73,-3797.130000000001,-0.29453701793224574,12891.86
1118,region_55,2021-07,13504.3,4409.57,0.4848489179997646,9094.73
1119,region_55,2021-08,11379.77,-2124.529999999999,-0.15732248246854696,13504.3
1120,region_56,2020-01,0.0,0.0,0.0,0.0
1121,region_56,2020-02,0.0,0.0,0.0,0.0
1122,region_56,2020-03,0.0,0.0,0.0,0.0
1123,region_56,2020-04,0.0,0.0,0.0,0.0
1124,region_56,2020-05,0.0,0.0,0.0,0.0
1125,region_56,2020-06,0.0,0.0,0.0,0.0
1126,region_56,2020-07,0.0,0.0,0.0,0.0
1127,region_56,2020-08,0.0,0.0,0.0,0.0
1128,region_56,2020-09,0.0,0.0,0.0,0.0
1129,region_56,2020-10,275.6,275.6,100.0,0.0
1130,region_56,2020-11,367.46,91.85999999999996,0.3333091436865019,275.6
1131,region_56,2020-12,367.46,0.0,0.0,367.46
1132,region_56,2021-01,91.87,-275.59,-0.7499863930767974,367.46
1133,region_56,2021-02,275.6,183.73000000000002,1.9998911505388048,91.87
1134,region_56,2021-03,367.46,91.85999999999996,0.3333091436865019,275.6
1135,region_56,2021-04,306.22,-61.23999999999995,-0.1666575953845315,367.46
1136,region_56,2021-05,765.55,459.3299999999999,1.4999999999999996,306.22
1137,region_56,2021-06,1286.12,520.5699999999999,0.6799947749983672,765.55
1138,region_56,2021-07,857.42,-428.69999999999993,-0.33332814978384595,1286.12
1139,region_56,2021-08,1903.71,1046.29,1.2202771104009704,857.42
1140,region_57,2020-01,0.0,0.0,0.0,0.0
1141,region_57,2020-02,0.0,0.0,0.0,0.0
1142,region_57,2020-03,0.0,0.0,0.0,0.0
1143,region_57,2020-04,0.0,0.0,0.0,0.0
1144,region_57,2020-05,0.0,0.0,0.0,0.0
1145,region_57,2020-06,0.0,0.0,0.0,0.0
1146,region_57,2020-07,0.0,0.0,0.0,0.0
1147,region_57,2020-08,1102.39,1102.39,100.0,0.0
1148,region_57,2020-09,2204.78,1102.39,1.0,1102.39
1149,region_57,2020-10,2847.85,643.0699999999997,0.29167082429992996,2204.78
1150,region_57,2020-11,3031.58,183.73000000000002,0.06451533613076532,2847.85
1151,region_57,2020-12,5052.63,2021.0500000000002,0.6666655671300115,3031.58
1152,region_57,2021-01,3950.24,-1102.3900000000003,-0.21818142234836124,5052.63
1153,region_57,2021-02,6522.49,2572.25,0.6511629673133785,3950.24
1154,region_57,2021-03,4225.84,-2296.6499999999996,-0.3521124601187583,6522.49
1155,region_57,2021-04,5328.23,1102.3899999999994,0.26086884501069596,4225.84
1156,region_57,2021-05,8574.16,3245.9300000000003,0.6091947982725971,5328.23
1157,region_57,2021-06,5971.19,-2602.9700000000003,-0.30358309152150187,8574.16
1158,region_57,2021-07,7624.88,1653.6900000000005,0.27694479659833315,5971.19
1159,region_57,2021-08,4815.0,-2809.88,-0.36851465203386813,7624.88
1160,region_58,2020-01,0.0,0.0,0.0,0.0
1161,region_58,2020-02,0.0,0.0,0.0,0.0
1162,region_58,2020-03,0.0,0.0,0.0,0.0
1163,region_58,2020-04,0.0,0.0,0.0,0.0
1164,region_58,2020-05,0.0,0.0,0.0,0.0
1165,region_58,2020-06,0.0,0.0,0.0,0.0
1166,region_58,2020-07,0.0,0.0,0.0,0.0
1167,region_58,2020-08,0.0,0.0,0.0,0.0
1168,region_58,2020-09,0.0,0.0,0.0,0.0
1169,region_58,2020-10,0.0,0.0,0.0,0.0
1170,region_58,2020-11,275.6,275.6,100.0,0.0
1171,region_58,2020-12,734.93,459.3299999999999,1.6666545718432508,275.6
1172,region_58,2021-01,0.0,-734.93,-1.0,734.93
1173,region_58,2021-02,1194.26,1194.26,100.0,0.0
1174,region_58,2021-03,673.68,-520.58,-0.43590172994155385,1194.26
1175,region_58,2021-04,1561.72,888.0400000000001,1.318192613703836,673.68
1176,region_58,2021-05,1194.26,-367.46000000000004,-0.23529185769536154,1561.72
1177,region_58,2021-06,826.79,-367.47,-0.30769681643863145,1194.26
1178,region_58,2021-07,1133.01,306.22,0.3703721622177336,826.79
1179,region_58,2021-08,580.04,-552.97,-0.48805394480189934,1133.01
1180,region_59,2020-01,0.0,0.0,0.0,0.0
1181,region_59,2020-02,0.0,0.0,0.0,0.0
1182,region_59,2020-03,0.0,0.0,0.0,0.0
1183,region_59,2020-04,0.0,0.0,0.0,0.0
1184,region_59,2020-05,0.0,0.0,0.0,0.0
1185,region_59,2020-06,0.0,0.0,0.0,0.0
1186,region_59,2020-07,0.0,0.0,0.0,0.0
1187,region_59,2020-08,0.0,0.0,0.0,0.0
1188,region_59,2020-09,91.87,91.87,100.0,0.0
1189,region_59,2020-10,1745.45,1653.58,17.99912920431044,91.87
1190,region_59,2020-11,1745.45,0.0,0.0,1745.45
1191,region_59,2020-12,1653.59,-91.86000000000013,-0.05262826205276583,1745.45
1192,region_59,2021-01,367.46,-1286.1299999999999,-0.7777804655325685,1653.59
1193,region_59,2021-02,1102.39,734.9300000000001,2.0000272138464057,367.46
1194,region_59,2021-03,1561.72,459.3299999999999,0.4166674225999871,1102.39
1195,region_59,2021-04,3031.58,1469.86,0.9411802371743974,1561.72
1196,region_59,2021-05,2664.11,-367.4699999999998,-0.1212140204117984,3031.58
1197,region_59,2021-06,2847.85,183.73999999999978,0.06896862366794165,2664.11
1198,region_59,2021-07,2051.67,-796.1799999999998,-0.27957230893481044,2847.85
1199,region_59,2021-08,4060.26,2008.5900000000001,0.9790024711576424,2051.67
1200,region_60,2020-01,0.0,0.0,0.0,0.0
1201,region_60,2020-02,0.0,0.0,0.0,0.0
1202,region_60,2020-03,0.0,0.0,0.0,0.0
1203,region_60,2020-04,0.0,0.0,0.0,0.0
1204,region_60,2020-05,0.0,0.0,0.0,0.0
1205,region_60,2020-06,0.0,0.0,0.0,0.0
1206,region_60,2020-07,0.0,0.0,0.0,0.0
1207,region_60,2020-08,91.87,91.87,100.0,0.0
1208,region_60,2020-09,306.22,214.35000000000002,2.3331882007184066,91.87
1209,region_60,2020-10,367.46,61.23999999999995,0.19998693749591778,306.22
1210,region_60,2020-11,0.0,-367.46,-1.0,367.46
1211,region_60,2020-12,918.66,918.66,100.0,0.0
1212,region_60,2021-01,918.66,0.0,0.0,918.66
1213,region_60,2021-02,1929.19,1010.5300000000001,1.1000043541680276,918.66
1214,region_60,2021-03,2112.92,183.73000000000002,0.09523686106604323,1929.19
1215,region_60,2021-04,2204.78,91.86000000000013,0.043475380042784506,2112.92
1216,region_60,2021-05,734.93,-1469.8500000000004,-0.6666651548000255,2204.78
1217,region_60,2021-06,1377.99,643.0600000000001,0.8749948974732289,734.93
1218,region_60,2021-07,2204.78,826.7900000000002,0.5999970972213153,1377.99
1219,region_60,2021-08,2430.63,225.8499999999999,0.10243652427906635,2204.78
1220,region_61,2020-01,0.0,0.0,0.0,0.0
1221,region_61,2020-02,0.0,0.0,0.0,0.0
1222,region_61,2020-03,0.0,0.0,0.0,0.0
1223,region_61,2020-04,0.0,0.0,0.0,0.0
1224,region_61,2020-05,0.0,0.0,0.0,0.0
1225,region_61,2020-06,0.0,0.0,0.0,0.0
1226,region_61,2020-07,0.0,0.0,0.0,0.0
1227,region_61,2020-08,643.06,643.06,100.0,0.0
1228,region_61,2020-09,1959.81,1316.75,2.0476316362392315,643.06
1229,region_61,2020-10,3858.37,1898.56,0.9687469703695766,1959.81
1230,region_61,2020-11,4960.76,1102.3900000000003,0.28571391546171054,3858.37
1231,region_61,2020-12,3215.31,-1745.4500000000003,-0.3518513292318113,4960.76
1232,region_61,2021-01,3399.04,183.73000000000002,0.0571422351188533,3215.31
1233,region_61,2021-02,5236.36,1837.3199999999997,0.5405408585953679,3399.04
1234,region_61,2021-03,4960.76,-275.59999999999945,-0.052631980994431116,5236.36
1235,region_61,2021-04,5879.42,918.6599999999999,0.1851853345051968,4960.76
1236,region_61,2021-05,2755.98,-3123.44,-0.5312496810909919,5879.42
1237,region_61,2021-06,5236.36,2480.3799999999997,0.8999992743053287,2755.98
1238,region_61,2021-07,6889.95,1653.5900000000001,0.31578997624303917,5236.36
1239,region_61,2021-08,5468.92,-1421.0299999999997,-0.20624677972989636,6889.95
1240,region_62,2020-01,0.0,0.0,0.0,0.0
1241,region_62,2020-02,0.0,0.0,0.0,0.0
1242,region_62,2020-03,0.0,0.0,0.0,0.0
1243,region_62,2020-04,0.0,0.0,0.0,0.0
1244,region_62,2020-05,0.0,0.0,0.0,0.0
1245,region_62,2020-06,0.0,0.0,0.0,0.0
1246,region_62,2020-07,0.0,0.0,0.0,0.0
1247,region_62,2020-08,0.0,0.0,0.0,0.0
1248,region_62,2020-09,459.33,459.33,100.0,0.0
1249,region_62,2020-10,551.2,91.87000000000006,0.20000870833605489,459.33
1250,region_62,2020-11,1133.01,581.81,1.055533381712627,551.2
1251,region_62,2020-12,2143.54,1010.53,0.8918985710629208,1133.01
1252,region_62,2021-01,1469.86,-673.6800000000001,-0.3142838482137026,2143.54
1253,region_62,2021-02,2511.0,1041.14,0.7083259630168861,1469.86
1254,region_62,2021-03,4256.46,1745.46,0.6951254480286739,2511.0
1255,region_62,2021-04,3399.04,-857.4200000000001,-0.20143969401803374,4256.46
1256,region_62,2021-05,3062.18,-336.8600000000001,-0.09910445302202975,3399.04
1257,region_62,2021-06,7349.23,4287.049999999999,1.3999993468705303,3062.18
1258,region_62,2021-07,3154.07,-4195.16,-0.5708298692516086,7349.23
1259,region_62,2021-08,3894.53,740.46,0.2347633375289706,3154.07
1260,region_63,2020-01,0.0,0.0,0.0,0.0
1261,region_63,2020-02,0.0,0.0,0.0,0.0
1262,region_63,2020-03,0.0,0.0,0.0,0.0
1263,region_63,2020-04,0.0,0.0,0.0,0.0
1264,region_63,2020-05,0.0,0.0,0.0,0.0
1265,region_63,2020-06,0.0,0.0,0.0,0.0
1266,region_63,2020-07,0.0,0.0,0.0,0.0
1267,region_63,2020-08,183.73,183.73,100.0,0.0
1268,region_63,2020-09,4103.35,3919.6200000000003,21.33358732923312,183.73
1269,region_63,2020-10,7839.23,3735.879999999999,0.9104463426224911,4103.35
1270,region_63,2020-11,10258.37,2419.1400000000012,0.3085940838577259,7839.23
1271,region_63,2020-12,14239.23,3980.8599999999988,0.3880597014925371,10258.37
1272,region_63,2021-01,7349.28,-6889.95,-0.4838709677419355,14239.23
1273,region_63,2021-02,13044.97,5695.69,0.7749997278644982,7349.28
1274,region_63,2021-03,12738.75,-306.21999999999935,-0.023474182002718225,13044.97
1275,region_63,2021-04,12432.53,-306.21999999999935,-0.02403846531253062,12738.75
1276,region_63,2021-05,8604.78,-3827.75,-0.30788182292743305,12432.53
1277,region_63,2021-06,13136.84,4532.0599999999995,0.5266909787350751,8604.78
1278,region_63,2021-07,10870.79,-2266.0499999999993,-0.1724958209127918,13136.84
1279,region_63,2021-08,11959.81,1089.0199999999986,0.10017855188077385,10870.79
1280,region_64,2020-01,0.0,0.0,0.0,0.0
1281,region_64,2020-02,0.0,0.0,0.0,0.0
1282,region_64,2020-03,0.0,0.0,0.0,0.0
1283,region_64,2020-04,0.0,0.0,0.0,0.0
1284,region_64,2020-05,0.0,0.0,0.0,0.0
1285,region_64,2020-06,0.0,0.0,0.0,0.0
1286,region_64,2020-07,0.0,0.0,0.0,0.0
1287,region_64,2020-08,0.0,0.0,0.0,0.0
1288,region_64,2020-09,489.95,489.95,100.0,0.0
1289,region_64,2020-10,2296.65,1806.7,3.687519134605572,489.95
1290,region_64,2020-11,2572.25,275.5999999999999,0.12000087083360533,2296.65
1291,region_64,2020-12,1469.86,-1102.39,-0.42857031781514243,2572.25
1292,region_64,2021-01,1837.32,367.46000000000004,0.24999659831548593,1469.86
1293,region_64,2021-02,1194.26,-643.06,-0.3499989114579931,1837.32
1294,region_64,2021-03,2664.11,1469.8500000000001,1.2307621455964366,1194.26
1295,region_64,2021-04,2296.65,-367.46000000000004,-0.13792974013835768,2664.11
1296,region_64,2021-05,3215.31,918.6599999999999,0.3999999999999999,2296.65
1297,region_64,2021-06,3062.2,-153.11000000000013,-0.04761904761904767,3215.31
1298,region_64,2021-07,2847.85,-214.3499999999999,-0.06999869374959178,3062.2
1299,region_64,2021-08,1740.11,-1107.74,-0.38897413838509753,2847.85
1300,region_65,2020-01,0.0,0.0,0.0,0.0
1301,region_65,2020-02,0.0,0.0,0.0,0.0
1302,region_65,2020-03,0.0,0.0,0.0,0.0
1303,region_65,2020-04,0.0,0.0,0.0,0.0
1304,region_65,2020-05,0.0,0.0,0.0,0.0
1305,region_65,2020-06,0.0,0.0,0.0,0.0
1306,region_65,2020-07,0.0,0.0,0.0,0.0
1307,region_65,2020-08,0.0,0.0,0.0,0.0
1308,region_65,2020-09,244.98,244.98,100.0,0.0
1309,region_65,2020-10,459.33,214.35,0.8749693852559393,244.98
1310,region_65,2020-11,1041.15,581.8200000000002,1.266671020834694,459.33
1311,region_65,2020-12,734.93,-306.22000000000014,-0.29411708207270815,1041.15
1312,region_65,2021-01,949.28,214.35000000000002,0.2916604302450574,734.93
1313,region_65,2021-02,1469.86,520.5799999999999,0.5483945727288049,949.28
1314,region_65,2021-03,2602.87,1133.01,0.7708285142802715,1469.86
1315,region_65,2021-04,1316.75,-1286.12,-0.49411611029363733,2602.87
1316,region_65,2021-05,1653.59,336.8399999999999,0.2558116574900322,1316.75
1317,region_65,2021-06,1377.99,-275.5999999999999,-0.1666676745747131,1653.59
1318,region_65,2021-07,1653.47,275.48,0.19991436802879559,1377.99
1319,region_65,2021-08,1491.52,-161.95000000000005,-0.09794553272814144,1653.47
1320,region_66,2020-01,0.0,0.0,0.0,0.0
1321,region_66,2020-02,0.0,0.0,0.0,0.0
1322,region_66,2020-03,0.0,0.0,0.0,0.0
1323,region_66,2020-04,0.0,0.0,0.0,0.0
1324,region_66,2020-05,0.0,0.0,0.0,0.0
1325,region_66,2020-06,0.0,0.0,0.0,0.0
1326,region_66,2020-07,0.0,0.0,0.0,0.0
1327,region_66,2020-08,91.87,91.87,100.0,0.0
1328,region_66,2020-09,1929.19,1837.3200000000002,19.99912920431044,91.87
1329,region_66,2020-10,1867.94,-61.25,-0.031749076037093316,1929.19
1330,region_66,2020-11,3123.44,1255.5,0.6721307964923926,1867.94
1331,region_66,2020-12,1286.12,-1837.3200000000002,-0.5882360474348796,3123.44
1332,region_66,2021-01,1745.45,459.33000000000015,0.3571439679034618,1286.12
1333,region_66,2021-02,1929.19,183.74,0.10526798246870439,1745.45
1334,region_66,2021-03,1561.72,-367.47,-0.19047890565470482,1929.19
1335,region_66,2021-04,2878.47,1316.7499999999998,0.8431408959352507,1561.72
1336,region_66,2021-05,2480.38,-398.0899999999997,-0.1382991658763162,2878.47
1337,region_66,2021-06,1745.45,-734.9300000000001,-0.29629734153637755,2480.38
1338,region_66,2021-07,2511.0,765.55,0.43859749634764666,1745.45
1339,region_66,2021-08,3728.81,1217.81,0.4849900438072481,2511.0
1340,region_67,2020-01,0.0,0.0,0.0,0.0
1341,region_67,2020-02,0.0,0.0,0.0,0.0
1342,region_67,2020-03,0.0,0.0,0.0,0.0
1343,region_67,2020-04,0.0,0.0,0.0,0.0
1344,region_67,2020-05,0.0,0.0,0.0,0.0
1345,region_67,2020-06,0.0,0.0,0.0,0.0
1346,region_67,2020-07,0.0,0.0,0.0,0.0
1347,region_67,2020-08,0.0,0.0,0.0,0.0
1348,region_67,2020-09,1500.48,1500.48,100.0,0.0
1349,region_67,2020-10,3980.86,2480.38,1.6530576882064407,1500.48
1350,region_67,2020-11,4532.06,551.2000000000003,0.13846254326954477,3980.86
1351,region_67,2020-12,3245.93,-1286.1300000000006,-0.2837848572172479,4532.06
1352,region_67,2021-01,4378.95,1133.02,0.3490586673156846,3245.93
1353,region_67,2021-02,4103.35,-275.59999999999945,-0.0629374621770058,4378.95
1354,region_67,2021-03,4685.17,581.8199999999997,0.14179146307285495,4103.35
1355,region_67,2021-04,5848.78,1163.6099999999997,0.2483602516023964,4685.17
1356,region_67,2021-05,6124.33,275.5500000000002,0.04711238925040773,5848.78
1357,region_67,2021-06,4470.71,-1653.62,-0.27000831111321566,6124.33
1358,region_67,2021-07,8022.96,3552.25,0.7945605955206221,4470.71
1359,region_67,2021-08,6490.89,-1532.0699999999997,-0.19096069281163053,8022.96
1360,region_68,2020-01,0.0,0.0,0.0,0.0
1361,region_68,2020-02,0.0,0.0,0.0,0.0
1362,region_68,2020-03,0.0,0.0,0.0,0.0
1363,region_68,2020-04,0.0,0.0,0.0,0.0
1364,region_68,2020-05,0.0,0.0,0.0,0.0
1365,region_68,2020-06,0.0,0.0,0.0,0.0
1366,region_68,2020-07,0.0,0.0,0.0,0.0
1367,region_68,2020-08,0.0,0.0,0.0,0.0
1368,region_68,2020-09,949.28,949.28,100.0,0.0
1369,region_68,2020-10,918.66,-30.620000000000005,-0.03225602561941687,949.28
1370,region_68,2020-11,643.06,-275.6,-0.30000217708401367,918.66
1371,region_68,2020-12,367.46,-275.59999999999997,-0.42857587161384625,643.06
1372,region_68,2021-01,643.06,275.59999999999997,0.7500136069232024,367.46
1373,region_68,2021-02,918.66,275.6,0.42857587161384636,643.06
1374,region_68,2021-03,459.33,-459.33,-0.5,918.66
1375,region_68,2021-04,826.79,367.46,0.7999912916639453,459.33
1376,region_68,2021-05,643.06,-183.73000000000002,-0.2222208783366998,826.79
1377,region_68,2021-06,551.2,-91.8599999999999,-0.14284825677230728,643.06
1378,region_68,2021-07,2572.15,2020.95,3.6664550072568938,551.2
1379,region_68,2021-08,745.76,-1826.39,-0.7100635654996792,2572.15
1380,region_69,2020-01,0.0,0.0,0.0,0.0
1381,region_69,2020-02,0.0,0.0,0.0,0.0
1382,region_69,2020-03,0.0,0.0,0.0,0.0
1383,region_69,2020-04,0.0,0.0,0.0,0.0
1384,region_69,2020-05,0.0,0.0,0.0,0.0
1385,region_69,2020-06,0.0,0.0,0.0,0.0
1386,region_69,2020-07,0.0,0.0,0.0,0.0
1387,region_69,2020-08,643.06,643.06,100.0,0.0
1388,region_69,2020-09,4011.48,3368.42,5.23811152925077,643.06
1389,region_69,2020-10,8267.94,4256.460000000001,1.0610697298752583,4011.48
1390,region_69,2020-11,7808.61,-459.33000000000084,-0.05555555555555569,8267.94
1391,region_69,2020-12,7533.01,-275.59999999999945,-0.03529437377458977,7808.61
1392,region_69,2021-01,9554.06,2021.0499999999993,0.2682924886599114,7533.01
1393,region_69,2021-02,9829.66,275.60000000000036,0.028846375258267276,9554.06
1394,region_69,2021-03,13014.35,3184.6900000000005,0.3239878083270429,9829.66
1395,region_69,2021-04,14821.02,1806.67,0.1388213779405041,13014.35
1396,region_69,2021-05,12248.75,-2572.2700000000004,-0.17355553126572942,14821.02
1397,region_69,2021-06,12615.97,367.21999999999935,0.029980202061434813,12248.75
1398,region_69,2021-07,20026.45,7410.480000000001,0.5873888412860844,12615.97
1399,region_69,2021-08,13126.71,-6899.740000000002,-0.3445313572799973,20026.45
1400,region_70,2020-01,0.0,0.0,0.0,0.0
1401,region_70,2020-02,0.0,0.0,0.0,0.0
1402,region_70,2020-03,0.0,0.0,0.0,0.0
1403,region_70,2020-04,0.0,0.0,0.0,0.0
1404,region_70,2020-05,0.0,0.0,0.0,0.0
1405,region_70,2020-06,0.0,0.0,0.0,0.0
1406,region_70,2020-07,0.0,0.0,0.0,0.0
1407,region_70,2020-08,0.0,0.0,0.0,0.0
1408,region_70,2020-09,826.79,826.79,100.0,0.0
1409,region_70,2020-10,4011.48,3184.69,3.8518729060583707,826.79
1410,region_70,2020-11,12218.18,8206.7,2.0458035438292104,4011.48
1411,region_70,2020-12,8298.56,-3919.620000000001,-0.32080227988129173,12218.18
1412,region_70,2021-01,9186.6,888.0400000000009,0.1070113369066441,8298.56
1413,region_70,2021-02,11268.9,2082.2999999999993,0.2266671020834694,9186.6
1414,region_70,2021-03,23303.34,12034.44,1.067933871096558,11268.9
1415,region_70,2021-04,18220.09,-5083.25,-0.21813396706223231,23303.34
1416,region_70,2021-05,18495.66,275.5699999999997,0.01512451365498202,18220.09
1417,region_70,2021-06,18158.82,-336.84000000000015,-0.01821183996678144,18495.66
1418,region_70,2021-07,25997.86,7839.040000000001,0.43169324879039506,18158.82
1419,region_70,2021-08,12300.24,-13697.62,-0.5268749043190478,25997.86
1420,region_71,2020-01,0.0,0.0,0.0,0.0
1421,region_71,2020-02,0.0,0.0,0.0,0.0
1422,region_71,2020-03,0.0,0.0,0.0,0.0
1423,region_71,2020-04,0.0,0.0,0.0,0.0
1424,region_71,2020-05,0.0,0.0,0.0,0.0
1425,region_71,2020-06,0.0,0.0,0.0,0.0
1426,region_71,2020-07,0.0,0.0,0.0,0.0
1427,region_71,2020-08,734.93,734.93,100.0,0.0
1428,region_71,2020-09,4501.43,3766.5000000000005,5.124977889050658,734.93
1429,region_71,2020-10,3980.86,-520.5700000000002,-0.11564547266090996,4501.43
1430,region_71,2020-11,5052.63,1071.77,0.26923076923076916,3980.86
1431,region_71,2020-12,7012.44,1959.8099999999995,0.38787918371224483,5052.63
1432,region_71,2021-01,3888.99,-3123.45,-0.44541557574824164,7012.44
1433,region_71,2021-02,6277.51,2388.5200000000004,0.6141748885957539,3888.99
1434,region_71,2021-03,8145.45,1867.9399999999996,0.29756065701209544,6277.51
1435,region_71,2021-04,6277.51,-1867.9399999999996,-0.22932311904191904,8145.45
1436,region_71,2021-05,7349.28,1071.7699999999995,0.1707317073170731,6277.51
1437,region_71,2021-06,10013.37,2664.090000000001,0.36249673437397956,7349.28
1438,region_71,2021-07,9217.2,-796.1700000000001,-0.07951069420185208,10013.37
1439,region_71,2021-08,8230.29,-986.9099999999999,-0.10707264679078243,9217.2
1440,region_72,2020-01,0.0,0.0,0.0,0.0
1441,region_72,2020-02,0.0,0.0,0.0,0.0
1442,region_72,2020-03,0.0,0.0,0.0,0.0
1443,region_72,2020-04,0.0,0.0,0.0,0.0
1444,region_72,2020-05,0.0,0.0,0.0,0.0
1445,region_72,2020-06,0.0,0.0,0.0,0.0
1446,region_72,2020-07,0.0,0.0,0.0,0.0
1447,region_72,2020-08,0.0,0.0,0.0,0.0
1448,region_72,2020-09,91.87,91.87,100.0,0.0
1449,region_72,2020-10,0.0,-91.87,-1.0,91.87
1450,region_72,2020-11,275.6,275.6,100.0,0.0
1451,region_72,2020-12,643.06,367.4599999999999,1.3333091436865017,275.6
1452,region_72,2021-01,183.73,-459.3299999999999,-0.7142879358069232,643.06
1453,region_72,2021-02,122.49,-61.239999999999995,-0.33331519076906324,183.73
1454,region_72,2021-03,765.55,643.06,5.249897950853131,122.49
1455,region_72,2021-04,91.87,-673.68,-0.8799947749983672,765.55
1456,region_72,2021-05,673.68,581.81,6.332970501796015,91.87
1457,region_72,2021-06,367.46,-306.21999999999997,-0.4545481534259589,673.68
1458,region_72,2021-07,1469.86,1102.3999999999999,3.0000544276928096,367.46
1459,region_72,2021-08,331.45,-1138.4099999999999,-0.7745023335555767,1469.86
1460,region_73,2020-01,0.0,0.0,0.0,0.0
1461,region_73,2020-02,0.0,0.0,0.0,0.0
1462,region_73,2020-03,0.0,0.0,0.0,0.0
1463,region_73,2020-04,0.0,0.0,0.0,0.0
1464,region_73,2020-05,0.0,0.0,0.0,0.0
1465,region_73,2020-06,0.0,0.0,0.0,0.0
1466,region_73,2020-07,0.0,0.0,0.0,0.0
1467,region_73,2020-08,0.0,0.0,0.0,0.0
1468,region_73,2020-09,275.6,275.6,100.0,0.0
1469,region_73,2020-10,91.87,-183.73000000000002,-0.666654571843251,275.6
1470,region_73,2020-11,1316.75,1224.88,13.332752802873625,91.87
1471,region_73,2020-12,765.55,-551.2,-0.41860641731535986,1316.75
1472,region_73,2021-01,1500.48,734.9300000000001,0.9600026125008165,765.55
1473,region_73,2021-02,1684.21,183.73000000000002,0.12244748347195555,1500.48
1474,region_73,2021-03,857.42,-826.7900000000001,-0.4909067159083488,1684.21
1475,region_73,2021-04,1561.72,704.3000000000001,0.8214177415968837,857.42
1476,region_73,2021-05,2112.92,551.2,0.352944189739518,1561.72
1477,region_73,2021-06,2235.31,122.38999999999987,0.057924578308691244,2112.92
1478,region_73,2021-07,2112.92,-122.38999999999987,-0.05475303201793036,2235.31
1479,region_73,2021-08,1325.8,-787.1200000000001,-0.3725271188686746,2112.92
1480,region_74,2020-01,0.0,0.0,0.0,0.0
1481,region_74,2020-02,0.0,0.0,0.0,0.0
1482,region_74,2020-03,0.0,0.0,0.0,0.0
1483,region_74,2020-04,0.0,0.0,0.0,0.0
1484,region_74,2020-05,0.0,0.0,0.0,0.0
1485,region_74,2020-06,0.0,0.0,0.0,0.0
1486,region_74,2020-07,0.0,0.0,0.0,0.0
1487,region_74,2020-08,826.79,826.79,100.0,0.0
1488,region_74,2020-09,2021.05,1194.26,1.4444538516431016,826.79
1489,region_74,2020-10,3429.66,1408.61,0.696969397095569,2021.05
1490,region_74,2020-11,4225.84,796.1800000000003,0.23214546048296336,3429.66
1491,region_74,2020-12,3215.31,-1010.5300000000002,-0.23913115498930393,4225.84
1492,region_74,2021-01,4501.43,1286.1200000000003,0.3999987559519922,3215.31
1493,region_74,2021-02,4042.1,-459.3300000000004,-0.10204090700066426,4501.43
1494,region_74,2021-03,3307.18,-734.9200000000001,-0.18181638257341481,4042.1
1495,region_74,2021-04,4348.32,1041.1399999999999,0.31481201507024115,3307.18
1496,region_74,2021-05,3980.86,-367.4599999999996,-0.084506200095669,4348.32
1497,region_74,2021-06,4777.03,796.1699999999996,0.19999949759599667,3980.86
1498,region_74,2021-07,3399.04,-1377.9899999999998,-0.288461659231782,4777.03
1499,region_74,2021-08,2320.15,-1078.8899999999999,-0.3174102099416305,3399.04
1500,region_75,2020-01,0.0,0.0,0.0,0.0
1501,region_75,2020-02,0.0,0.0,0.0,0.0
1502,region_75,2020-03,0.0,0.0,0.0,0.0
1503,region_75,2020-04,0.0,0.0,0.0,0.0
1504,region_75,2020-05,0.0,0.0,0.0,0.0
1505,region_75,2020-06,0.0,0.0,0.0,0.0
1506,region_75,2020-07,0.0,0.0,0.0,0.0
1507,region_75,2020-08,0.0,0.0,0.0,0.0
1508,region_75,2020-09,551.2,551.2,100.0,0.0
1509,region_75,2020-10,2664.11,2112.91,3.8332910014513786,551.2
1510,region_75,2020-11,2204.78,-459.3299999999999,-0.1724140519723284,2664.11
1511,region_75,2020-12,2480.38,275.5999999999999,0.1250011338999808,2204.78
1512,region_75,2021-01,2909.09,428.71000000000004,0.1728404518662463,2480.38
1513,region_75,2021-02,2939.71,30.61999999999989,0.010525628289258737,2909.09
1514,region_75,2021-03,5511.96,2572.25,0.8750012756360321,2939.71
1515,region_75,2021-04,4746.41,-765.5500000000002,-0.13888888888888895,5511.96
1516,region_75,2021-05,4164.57,-581.8400000000001,-0.122585280243384,4746.41
1517,region_75,2021-06,4409.54,244.97000000000025,0.05882239943139389,4164.57
1518,region_75,2021-07,5511.91,1102.37,0.2499965982846284,4409.54
1519,region_75,2021-08,3690.82,-1821.0899999999997,-0.3303918242496702,5511.91
1520,region_76,2020-01,0.0,0.0,0.0,0.0
1521,region_76,2020-02,0.0,0.0,0.0,0.0
1522,region_76,2020-03,0.0,0.0,0.0,0.0
1523,region_76,2020-04,0.0,0.0,0.0,0.0
1524,region_76,2020-05,0.0,0.0,0.0,0.0
1525,region_76,2020-06,0.0,0.0,0.0,0.0
1526,region_76,2020-07,0.0,0.0,0.0,0.0
1527,region_76,2020-08,0.0,0.0,0.0,0.0
1528,region_76,2020-09,183.73,183.73,100.0,0.0
1529,region_76,2020-10,275.6,91.87000000000003,0.5000272138464052,183.73
1530,region_76,2020-11,367.46,91.85999999999996,0.3333091436865019,275.6
1531,region_76,2020-12,826.79,459.33,1.2500136069232024,367.46
1532,region_76,2021-01,949.28,122.49000000000001,0.14815128388103393,826.79
1533,region_76,2021-02,367.46,-581.8199999999999,-0.6129066239676386,949.28
1534,region_76,2021-03,1286.12,918.6599999999999,2.500027213846405,367.46
1535,region_76,2021-04,1041.15,-244.9699999999998,-0.19047211768730743,1286.12
1536,region_76,2021-05,2817.22,1776.0699999999997,1.7058733131633286,1041.15
1537,region_76,2021-06,1837.3,-979.9199999999998,-0.3478322601713746,2817.22
1538,region_76,2021-07,2909.09,1071.7900000000002,0.5833505687693901,1837.3
1539,region_76,2021-08,3507.84,598.75,0.20582037681886778,2909.09
1540,region_77,2020-01,0.0,0.0,0.0,0.0
1541,region_77,2020-02,0.0,0.0,0.0,0.0
1542,region_77,2020-03,0.0,0.0,0.0,0.0
1543,region_77,2020-04,0.0,0.0,0.0,0.0
1544,region_77,2020-05,0.0,0.0,0.0,0.0
1545,region_77,2020-06,0.0,0.0,0.0,0.0
1546,region_77,2020-07,0.0,0.0,0.0,0.0
1547,region_77,2020-08,0.0,0.0,0.0,0.0
1548,region_77,2020-09,0.0,0.0,0.0,0.0
1549,region_77,2020-10,183.73,183.73,100.0,0.0
1550,region_77,2020-11,949.28,765.55,4.166712023077342,183.73
1551,region_77,2020-12,826.79,-122.49000000000001,-0.12903463677734706,949.28
1552,region_77,2021-01,734.93,-91.86000000000001,-0.11110439168349884,826.79
1553,region_77,2021-02,1469.86,734.93,1.0,734.93
1554,region_77,2021-03,2204.78,734.9200000000003,0.49999319663097186,1469.86
1555,region_77,2021-04,1684.21,-520.5700000000002,-0.23610972523335672,2204.78
1556,region_77,2021-05,1745.45,61.24000000000001,0.03636126136289408,1684.21
1557,region_77,2021-06,2755.98,1010.53,0.5789509868515281,1745.45
1558,region_77,2021-07,2021.05,-734.9300000000001,-0.26666739236133796,2755.98
1559,region_77,2021-08,1325.8,-695.25,-0.3440043541723362,2021.05
1560,region_78,2020-01,0.0,0.0,0.0,0.0
1561,region_78,2020-02,0.0,0.0,0.0,0.0
1562,region_78,2020-03,0.0,0.0,0.0,0.0
1563,region_78,2020-04,0.0,0.0,0.0,0.0
1564,region_78,2020-05,0.0,0.0,0.0,0.0
1565,region_78,2020-06,0.0,0.0,0.0,0.0
1566,region_78,2020-07,0.0,0.0,0.0,0.0
1567,region_78,2020-08,306.22,306.22,100.0,0.0
1568,region_78,2020-09,1133.01,826.79,2.699986937495918,306.22
1569,region_78,2020-10,2511.0,1377.99,1.2162205099690206,1133.01
1570,region_78,2020-11,5879.42,3368.42,1.3414655515730787,2511.0
1571,region_78,2020-12,3919.62,-1959.8000000000002,-0.3333321994346381,5879.42
1572,region_78,2021-01,2970.33,-949.29,-0.24218929386011911,3919.62
1573,region_78,2021-02,4042.1,1071.77,0.36082522817330065,2970.33
1574,region_78,2021-03,6951.19,2909.0899999999997,0.7196976818980232,4042.1
1575,region_78,2021-04,7012.44,61.25,0.008811440918749192,6951.19
1576,region_78,2021-05,7073.68,61.24000000000069,0.008733051548391213,7012.44
1577,region_78,2021-06,6063.16,-1010.5200000000004,-0.1428563350335328,7073.68
1578,region_78,2021-07,7257.41,1194.25,0.1969682475804695,6063.16
1579,region_78,2021-08,5689.18,-1568.2299999999996,-0.21608673066562312,7257.41
1580,region_79,2020-01,0.0,0.0,0.0,0.0
1581,region_79,2020-02,0.0,0.0,0.0,0.0
1582,region_79,2020-03,0.0,0.0,0.0,0.0
1583,region_79,2020-04,0.0,0.0,0.0,0.0
1584,region_79,2020-05,0.0,0.0,0.0,0.0
1585,region_79,2020-06,0.0,0.0,0.0,0.0
1586,region_79,2020-07,0.0,0.0,0.0,0.0
1587,region_79,2020-08,275.6,275.6,100.0,0.0
1588,region_79,2020-09,0.0,-275.6,-1.0,275.6
1589,region_79,2020-10,643.06,643.06,100.0,0.0
1590,region_79,2020-11,2143.54,1500.48,2.3333437004323083,643.06
1591,region_79,2020-12,1714.83,-428.71000000000004,-0.20000093303600586,2143.54
1592,region_79,2021-01,3399.04,1684.21,0.9821440026125039,1714.83
1593,region_79,2021-02,2480.38,-918.6599999999999,-0.27027042929768397,3399.04
1594,region_79,2021-03,2235.41,-244.97000000000025,-0.09876309275191719,2480.38
1595,region_79,2021-04,2480.38,244.97000000000025,0.10958616092797313,2235.41
1596,region_79,2021-05,1653.59,-826.7900000000002,-0.33333198945322895,2480.38
1597,region_79,2021-06,4317.7,2664.1099999999997,1.611106743509576,1653.59
1598,region_79,2021-07,3215.29,-1102.4099999999999,-0.25532343608865826,4317.7
1599,region_79,2021-08,1988.7,-1226.59,-0.38148658441384753,3215.29
1600,region_80,2020-01,0.0,0.0,0.0,0.0
1601,region_80,2020-02,0.0,0.0,0.0,0.0
1602,region_80,2020-03,0.0,0.0,0.0,0.0
1603,region_80,2020-04,0.0,0.0,0.0,0.0
1604,region_80,2020-05,0.0,0.0,0.0,0.0
1605,region_80,2020-06,0.0,0.0,0.0,0.0
1606,region_80,2020-07,0.0,0.0,0.0,0.0
1607,region_80,2020-08,0.0,0.0,0.0,0.0
1608,region_80,2020-09,0.0,0.0,0.0,0.0
1609,region_80,2020-10,2235.41,2235.41,100.0,0.0
1610,region_80,2020-11,2694.74,459.3299999999999,0.2054790843737837,2235.41
1611,region_80,2020-12,2817.22,122.48000000000002,0.045451509236512644,2694.74
1612,region_80,2021-01,4440.19,1622.9699999999998,0.5760891943121234,2817.22
1613,region_80,2021-02,4807.65,367.46000000000004,0.08275771982730462,4440.19
1614,region_80,2021-03,4256.46,-551.1899999999996,-0.11464852890705435,4807.65
1615,region_80,2021-04,5726.31,1469.8500000000004,0.3453221691264572,4256.46
1616,region_80,2021-05,4685.17,-1041.1400000000003,-0.18181691176342185,5726.31
1617,region_80,2021-06,4623.92,-61.25,-0.013073164901166834,4685.17
1618,region_80,2021-07,5664.97,1041.0500000000002,0.22514446616723482,4623.92
1619,region_80,2021-08,5082.23,-582.7400000000007,-0.10286727025915421,5664.97
1620,region_81,2020-01,0.0,0.0,0.0,0.0
1621,region_81,2020-02,0.0,0.0,0.0,0.0
1622,region_81,2020-03,0.0,0.0,0.0,0.0
1623,region_81,2020-04,0.0,0.0,0.0,0.0
1624,region_81,2020-05,0.0,0.0,0.0,0.0
1625,region_81,2020-06,0.0,0.0,0.0,0.0
1626,region_81,2020-07,0.0,0.0,0.0,0.0
1627,region_81,2020-08,0.0,0.0,0.0,0.0
1628,region_81,2020-09,0.0,0.0,0.0,0.0
1629,region_81,2020-10,826.79,826.79,100.0,0.0
1630,region_81,2020-11,612.44,-214.3499999999999,-0.25925567556453266,826.79
1631,region_81,2020-12,1622.97,1010.53,1.6500065312520409,612.44
1632,region_81,2021-01,1286.12,-336.85000000000014,-0.2075515875216425,1622.97
1633,region_81,2021-02,918.66,-367.4599999999999,-0.2857120641930768,1286.12
1634,region_81,2021-03,1102.39,183.73000000000013,0.19999782291598645,918.66
1635,region_81,2021-04,643.06,-459.33000000000015,-0.41666742259998746,1102.39
1636,region_81,2021-05,1010.53,367.47,0.5714396790346159,643.06
1637,region_81,2021-06,1929.19,918.6600000000001,0.9090873106191801,1010.53
1638,region_81,2021-07,2020.95,91.75999999999999,0.047564003545529365,1929.19
1639,region_81,2021-08,911.49,-1109.46,-0.5489794403622059,2020.95
1640,region_82,2020-01,0.0,0.0,0.0,0.0
1641,region_82,2020-02,0.0,0.0,0.0,0.0
1642,region_82,2020-03,0.0,0.0,0.0,0.0
1643,region_82,2020-04,0.0,0.0,0.0,0.0
1644,region_82,2020-05,0.0,0.0,0.0,0.0
1645,region_82,2020-06,0.0,0.0,0.0,0.0
1646,region_82,2020-07,0.0,0.0,0.0,0.0
1647,region_82,2020-08,0.0,0.0,0.0,0.0
1648,region_82,2020-09,183.73,183.73,100.0,0.0
1649,region_82,2020-10,0.0,-183.73,-1.0,183.73
1650,region_82,2020-11,0.0,0.0,0.0,0.0
1651,region_82,2020-12,1102.39,1102.39,100.0,0.0
1652,region_82,2021-01,91.87,-1010.5200000000001,-0.9166628870000635,1102.39
1653,region_82,2021-02,367.46,275.59,2.9997823010776092,91.87
1654,region_82,2021-03,367.46,0.0,0.0,367.46
1655,region_82,2021-04,275.6,-91.85999999999996,-0.24998639307679738,367.46
1656,region_82,2021-05,367.46,91.85999999999996,0.3333091436865019,275.6
1657,region_82,2021-06,918.66,551.2,1.5000272138464052,367.46
1658,region_82,2021-07,0.0,-918.66,-1.0,918.66
1659,region_82,2021-08,1104.12,1104.12,100.0,0.0
1660,region_83,2020-01,0.0,0.0,0.0,0.0
1661,region_83,2020-02,0.0,0.0,0.0,0.0
1662,region_83,2020-03,0.0,0.0,0.0,0.0
1663,region_83,2020-04,0.0,0.0,0.0,0.0
1664,region_83,2020-05,0.0,0.0,0.0,0.0
1665,region_83,2020-06,0.0,0.0,0.0,0.0
1666,region_83,2020-07,0.0,0.0,0.0,0.0
1667,region_83,2020-08,1377.99,1377.99,100.0,0.0
1668,region_83,2020-09,1653.59,275.5999999999999,0.20000145138934244,1377.99
1669,region_83,2020-10,5818.18,4164.59,2.5185142629067667,1653.59
1670,region_83,2020-11,2296.65,-3521.53,-0.6052631578947368,5818.18
1671,region_83,2020-12,4409.57,2112.9199999999996,0.9200008708336052,2296.65
1672,region_83,2021-01,5603.83,1194.2600000000002,0.27083366405341125,4409.57
1673,region_83,2021-02,4409.57,-1194.2600000000002,-0.21311495887634002,5603.83
1674,region_83,2021-03,7104.3,2694.7300000000005,0.6111094732592974,4409.57
1675,region_83,2021-04,6553.11,-551.1900000000005,-0.07758540602170527,7104.3
1676,region_83,2021-05,7257.39,704.2800000000007,0.10747263513049532,6553.11
1677,region_83,2021-06,7104.18,-153.21000000000004,-0.021110895239197514,7257.39
1678,region_83,2021-07,11207.51,4103.33,0.5775937546627479,7104.18
1679,region_83,2021-08,3737.79,-7469.72,-0.6664923787710205,11207.51
1680,region_84,2020-01,0.0,0.0,0.0,0.0
1681,region_84,2020-02,0.0,0.0,0.0,0.0
1682,region_84,2020-03,0.0,0.0,0.0,0.0
1683,region_84,2020-04,0.0,0.0,0.0,0.0
1684,region_84,2020-05,0.0,0.0,0.0,0.0
1685,region_84,2020-06,0.0,0.0,0.0,0.0
1686,region_84,2020-07,0.0,0.0,0.0,0.0
1687,region_84,2020-08,0.0,0.0,0.0,0.0
1688,region_84,2020-09,0.0,0.0,0.0,0.0
1689,region_84,2020-10,734.93,734.93,100.0,0.0
1690,region_84,2020-11,1561.72,826.7900000000001,1.1249914957887146,734.93
1691,region_84,2020-12,2021.05,459.3299999999999,0.29411802371743967,1561.72
1692,region_84,2021-01,1653.59,-367.46000000000004,-0.18181638257341481,2021.05
1693,region_84,2021-02,2755.98,1102.39,0.6666646508505738,1653.59
1694,region_84,2021-03,4470.81,1714.8300000000004,0.6222214965275512,2755.98
1695,region_84,2021-04,2480.38,-1990.4300000000003,-0.4452056786130477,4470.81
1696,region_84,2021-05,3858.37,1377.9899999999998,0.5555560035155902,2480.38
1697,region_84,2021-06,3766.51,-91.85999999999967,-0.02380798109046045,3858.37
1698,region_84,2021-07,3674.64,-91.87000000000035,-0.02439127999129176,3766.51
1699,region_84,2021-08,3782.63,107.99000000000024,0.029387912829556218,3674.64
1700,region_85,2020-01,0.0,0.0,0.0,0.0
1701,region_85,2020-02,0.0,0.0,0.0,0.0
1702,region_85,2020-03,0.0,0.0,0.0,0.0
1703,region_85,2020-04,0.0,0.0,0.0,0.0
1704,region_85,2020-05,0.0,0.0,0.0,0.0
1705,region_85,2020-06,0.0,0.0,0.0,0.0
1706,region_85,2020-07,0.0,0.0,0.0,0.0
1707,region_85,2020-08,0.0,0.0,0.0,0.0
1708,region_85,2020-09,1194.26,1194.26,100.0,0.0
1709,region_85,2020-10,1469.86,275.5999999999999,0.23077051898246603,1194.26
1710,region_85,2020-11,1194.26,-275.5999999999999,-0.18750085042112852,1469.86
1711,region_85,2020-12,1224.88,30.62000000000012,0.02563930802337855,1194.26
1712,region_85,2021-01,1469.86,244.9799999999998,0.20000326562602022,1224.88
1713,region_85,2021-02,2021.05,551.19,0.3749948974732289,1469.86
1714,region_85,2021-03,1500.48,-520.5699999999999,-0.25757403329952255,2021.05
1715,region_85,2021-04,2143.54,643.06,0.42856952441885254,1500.48
1716,region_85,2021-05,2633.49,489.9499999999998,0.22857049553542264,2143.54
1717,region_85,2021-06,2878.35,244.86000000000013,0.09297927844799103,2633.49
1718,region_85,2021-07,3153.87,275.52,0.09572150711345051,2878.35
1719,region_85,2021-08,4502.19,1348.3199999999997,0.42751286514662934,3153.87
1720,region_86,2020-01,0.0,0.0,0.0,0.0
1721,region_86,2020-02,0.0,0.0,0.0,0.0
1722,region_86,2020-03,0.0,0.0,0.0,0.0
1723,region_86,2020-04,0.0,0.0,0.0,0.0
1724,region_86,2020-05,0.0,0.0,0.0,0.0
1725,region_86,2020-06,0.0,0.0,0.0,0.0
1726,region_86,2020-07,0.0,0.0,0.0,0.0
1727,region_86,2020-08,214.35,214.35,100.0,0.0
1728,region_86,2020-09,643.06,428.7099999999999,2.000046652670865,214.35
1729,region_86,2020-10,4685.17,4042.11,6.285743165490001,643.06
1730,region_86,2020-11,3123.44,-1561.73,-0.33333475626284637,4685.17
1731,region_86,2020-12,4409.57,1286.1299999999997,0.4117671541633583,3123.44
1732,region_86,2021-01,4133.97,-275.59999999999945,-0.06250042521152843,4409.57
1733,region_86,2021-02,4256.46,122.48999999999978,0.02963011342607702,4133.97
1734,region_86,2021-03,5756.94,1500.4799999999996,0.35251828984649203,4256.46
1735,region_86,2021-04,6032.53,275.59000000000015,0.047870917536052104,5756.94
1736,region_86,2021-05,6308.11,275.5799999999999,0.045682325657725675,6032.53
1737,region_86,2021-06,9217.17,2909.0600000000004,0.46116190110825594,6308.11
1738,region_86,2021-07,8543.51,-673.6599999999999,-0.07308750950671405,9217.17
1739,region_86,2021-08,8341.48,-202.03000000000065,-0.023647189504079735,8543.51
1740,region_87,2020-01,0.0,0.0,0.0,0.0
1741,region_87,2020-02,0.0,0.0,0.0,0.0
1742,region_87,2020-03,0.0,0.0,0.0,0.0
1743,region_87,2020-04,0.0,0.0,0.0,0.0
1744,region_87,2020-05,0.0,0.0,0.0,0.0
1745,region_87,2020-06,0.0,0.0,0.0,0.0
1746,region_87,2020-07,0.0,0.0,0.0,0.0
1747,region_87,2020-08,0.0,0.0,0.0,0.0
1748,region_87,2020-09,214.35,214.35,100.0,0.0
1749,region_87,2020-10,1990.43,1776.0800000000002,8.285887567063215,214.35
1750,region_87,2020-11,3307.18,1316.7499999999998,0.6615404711544741,1990.43
1751,region_87,2020-12,4593.3,1286.1200000000003,0.3888872090421447,3307.18
1752,region_87,2021-01,6675.6,2082.3,0.4533342041669388,4593.3
1753,region_87,2021-02,5511.96,-1163.6400000000003,-0.17431242135538383,6675.6
1754,region_87,2021-03,5603.83,91.86999999999989,0.01666739236133785,5511.96
1755,region_87,2021-04,8176.07,2572.24,0.45901463820280064,5603.83
1756,region_87,2021-05,7012.44,-1163.63,-0.14232143315798418,8176.07
1757,region_87,2021-06,6155.02,-857.4199999999992,-0.12227127790041681,7012.44
1758,region_87,2021-07,9554.04,3399.0200000000004,0.5522354110953336,6155.02
1759,region_87,2021-08,7567.39,-1986.6500000000005,-0.2079382125258007,9554.04
1760,region_88,2020-01,0.0,0.0,0.0,0.0
1761,region_88,2020-02,0.0,0.0,0.0,0.0
1762,region_88,2020-03,0.0,0.0,0.0,0.0
1763,region_88,2020-04,0.0,0.0,0.0,0.0
1764,region_88,2020-05,0.0,0.0,0.0,0.0
1765,region_88,2020-06,0.0,0.0,0.0,0.0
1766,region_88,2020-07,0.0,0.0,0.0,0.0
1767,region_88,2020-08,275.6,275.6,100.0,0.0
1768,region_88,2020-09,183.73,-91.87000000000003,-0.33334542815674906,275.6
1769,region_88,2020-10,551.2,367.47,2.0000544276928105,183.73
1770,region_88,2020-11,306.22,-244.98000000000002,-0.4444484760522497,551.2
1771,region_88,2020-12,1959.81,1653.59,5.40000653125204,306.22
1772,region_88,2021-01,1561.72,-398.0899999999999,-0.20312683372367724,1959.81
1773,region_88,2021-02,734.93,-826.7900000000001,-0.5294098814128013,1561.72
1774,region_88,2021-03,3919.62,3184.69,4.333324262174629,734.93
1775,region_88,2021-04,3245.93,-673.69,-0.1718763553609789,3919.62
1776,region_88,2021-05,1500.48,-1745.4499999999998,-0.5377349480734335,3245.93
1777,region_88,2021-06,2602.87,1102.3899999999999,0.7346915653657495,1500.48
1778,region_88,2021-07,2480.38,-122.48999999999978,-0.047059591912004706,2602.87
1779,region_88,2021-08,2329.13,-151.25,-0.06097855973681454,2480.38
1780,region_89,2020-01,0.0,0.0,0.0,0.0
1781,region_89,2020-02,0.0,0.0,0.0,0.0
1782,region_89,2020-03,0.0,0.0,0.0,0.0
1783,region_89,2020-04,0.0,0.0,0.0,0.0
1784,region_89,2020-05,0.0,0.0,0.0,0.0
1785,region_89,2020-06,0.0,0.0,0.0,0.0
1786,region_89,2020-07,0.0,0.0,0.0,0.0
1787,region_89,2020-08,367.46,367.46,100.0,0.0
1788,region_89,2020-09,1408.61,1041.1499999999999,2.8333696184618735,367.46
1789,region_89,2020-10,3705.26,2296.6500000000005,1.6304370975642657,1408.61
1790,region_89,2020-11,1929.19,-1776.0700000000002,-0.4793374823898998,3705.26
1791,region_89,2020-12,3337.8,1408.6100000000001,0.7301561795364895,1929.19
1792,region_89,2021-01,3705.26,367.46000000000004,0.11009047875846356,3337.8
1793,region_89,2021-02,3858.37,153.10999999999967,0.041322336354263856,3705.26
1794,region_89,2021-03,4470.81,612.4400000000005,0.15873024100850897,3858.37
1795,region_89,2021-04,4317.7,-153.11000000000058,-0.03424659066254221,4470.81
1796,region_89,2021-05,4409.54,91.84000000000015,0.021270583875674598,4317.7
1797,region_89,2021-06,5328.2,918.6599999999999,0.20833465622264447,4409.54
1798,region_89,2021-07,6981.82,1653.62,0.3103524642468376,5328.2
1799,region_89,2021-08,4253.6,-2728.2199999999993,-0.39076057532276676,6981.82
1800,region_90,2020-01,0.0,0.0,0.0,0.0
1801,region_90,2020-02,0.0,0.0,0.0,0.0
1802,region_90,2020-03,0.0,0.0,0.0,0.0
1803,region_90,2020-04,0.0,0.0,0.0,0.0
1804,region_90,2020-05,0.0,0.0,0.0,0.0
1805,region_90,2020-06,0.0,0.0,0.0,0.0
1806,region_90,2020-07,0.0,0.0,0.0,0.0
1807,region_90,2020-08,0.0,0.0,0.0,0.0
1808,region_90,2020-09,91.87,91.87,100.0,0.0
1809,region_90,2020-10,1194.26,1102.3899999999999,11.999455752694024,91.87
1810,region_90,2020-11,918.66,-275.6,-0.23077051898246614,1194.26
1811,region_90,2020-12,1377.99,459.33000000000004,0.5,918.66
1812,region_90,2021-01,734.93,-643.0600000000001,-0.4666652152773243,1377.99
1813,region_90,2021-02,1653.59,918.66,1.249996598315486,734.93
1814,region_90,2021-03,3858.37,2204.7799999999997,1.3333293017011472,1653.59
1815,region_90,2021-04,2480.38,-1377.9899999999998,-0.35714304226914473,3858.37
1816,region_90,2021-05,2572.25,91.86999999999989,0.03703867955716467,2480.38
1817,region_90,2021-06,4042.1,1469.85,0.571425794537856,2572.25
1818,region_90,2021-07,3490.91,-551.19,-0.13636228693006114,4042.1
1819,region_90,2021-08,4225.98,735.0699999999997,0.21056687224821036,3490.91
1820,region_91,2020-01,0.0,0.0,0.0,0.0
1821,region_91,2020-02,0.0,0.0,0.0,0.0
1822,region_91,2020-03,0.0,0.0,0.0,0.0
1823,region_91,2020-04,0.0,0.0,0.0,0.0
1824,region_91,2020-05,0.0,0.0,0.0,0.0
1825,region_91,2020-06,0.0,0.0,0.0,0.0
1826,region_91,2020-07,0.0,0.0,0.0,0.0
1827,region_91,2020-08,0.0,0.0,0.0,0.0
1828,region_91,2020-09,551.2,551.2,100.0,0.0
1829,region_91,2020-10,2296.65,1745.45,3.1666364296081273,551.2
1830,region_91,2020-11,2112.92,-183.73000000000002,-0.07999912916639451,2296.65
1831,region_91,2020-12,275.6,-1837.3200000000002,-0.8695643942979384,2112.92
1832,region_91,2021-01,2480.38,2204.78,7.999927431059506,275.6
1833,region_91,2021-02,1286.12,-1194.2600000000002,-0.48148267604157435,2480.38
1834,region_91,2021-03,1102.39,-183.7299999999998,-0.1428560320965383,1286.12
1835,region_91,2021-04,1316.75,214.3599999999999,0.19445023993323596,1102.39
1836,region_91,2021-05,1561.72,244.97000000000003,0.1860413897854567,1316.75
1837,region_91,2021-06,2021.05,459.3299999999999,0.29411802371743967,1561.72
1838,region_91,2021-07,1837.32,-183.73000000000002,-0.09090819128670746,2021.05
1839,region_91,2021-08,1905.84,68.51999999999998,0.03729344915420296,1837.32
1840,region_92,2020-01,0.0,0.0,0.0,0.0
1841,region_92,2020-02,0.0,0.0,0.0,0.0
1842,region_92,2020-03,0.0,0.0,0.0,0.0
1843,region_92,2020-04,0.0,0.0,0.0,0.0
1844,region_92,2020-05,0.0,0.0,0.0,0.0
1845,region_92,2020-06,0.0,0.0,0.0,0.0
1846,region_92,2020-07,0.0,0.0,0.0,0.0
1847,region_92,2020-08,0.0,0.0,0.0,0.0
1848,region_92,2020-09,0.0,0.0,0.0,0.0
1849,region_92,2020-10,0.0,0.0,0.0,0.0
1850,region_92,2020-11,0.0,0.0,0.0,0.0
1851,region_92,2020-12,0.0,0.0,0.0,0.0
1852,region_92,2021-01,0.0,0.0,0.0,0.0
1853,region_92,2021-02,0.0,0.0,0.0,0.0
1854,region_92,2021-03,643.06,643.06,100.0,0.0
1855,region_92,2021-04,0.0,-643.06,-1.0,643.06
1856,region_92,2021-05,0.0,0.0,0.0,0.0
1857,region_92,2021-06,91.87,91.87,100.0,0.0
1858,region_92,2021-07,91.87,0.0,0.0,91.87
1859,region_92,2021-08,165.72,73.85,0.8038532709263089,91.87
1860,region_93,2020-01,0.0,0.0,0.0,0.0
1861,region_93,2020-02,0.0,0.0,0.0,0.0
1862,region_93,2020-03,0.0,0.0,0.0,0.0
1863,region_93,2020-04,0.0,0.0,0.0,0.0
1864,region_93,2020-05,0.0,0.0,0.0,0.0
1865,region_93,2020-06,0.0,0.0,0.0,0.0
1866,region_93,2020-07,0.0,0.0,0.0,0.0
1867,region_93,2020-08,0.0,0.0,0.0,0.0
1868,region_93,2020-09,0.0,0.0,0.0,0.0
1869,region_93,2020-10,367.46,367.46,100.0,0.0
1870,region_93,2020-11,1102.39,734.9300000000001,2.0000272138464057,367.46
1871,region_93,2020-12,734.93,-367.46000000000015,-0.33333030960005094,1102.39
1872,region_93,2021-01,734.93,0.0,0.0,734.93
1873,region_93,2021-02,1469.86,734.93,1.0,734.93
1874,region_93,2021-03,918.66,-551.1999999999999,-0.37500170084225704,1469.86
1875,region_93,2021-04,367.46,-551.2,-0.6000043541680273,918.66
1876,region_93,2021-05,1194.26,826.8,2.2500408207696077,367.46
1877,region_93,2021-06,459.31,-734.95,-0.6154020062632928,1194.26
1878,region_93,2021-07,2112.82,1653.5100000000002,3.59998693692713,459.31
1879,region_93,2021-08,1104.83,-1007.9900000000002,-0.4770827614278548,2112.82
1880,region_94,2020-01,0.0,0.0,0.0,0.0
1881,region_94,2020-02,0.0,0.0,0.0,0.0
1882,region_94,2020-03,0.0,0.0,0.0,0.0
1883,region_94,2020-04,0.0,0.0,0.0,0.0
1884,region_94,2020-05,0.0,0.0,0.0,0.0
1885,region_94,2020-06,0.0,0.0,0.0,0.0
1886,region_94,2020-07,0.0,0.0,0.0,0.0
1887,region_94,2020-08,91.87,91.87,100.0,0.0
1888,region_94,2020-09,2021.05,1929.1799999999998,20.999020354849243,91.87
1889,region_94,2020-10,4072.73,2051.6800000000003,1.015155488483709,2021.05
1890,region_94,2020-11,3521.53,-551.1999999999998,-0.1353391950853604,4072.73
1891,region_94,2020-12,5420.09,1898.56,0.5391292989126886,3521.53
1892,region_94,2021-01,4042.1,-1377.9900000000002,-0.2542374757614726,5420.09
1893,region_94,2021-02,2725.36,-1316.7399999999998,-0.3257564137453304,4042.1
1894,region_94,2021-03,6798.08,4072.72,1.494378724278627,2725.36
1895,region_94,2021-04,4685.17,-2112.91,-0.3108098168894746,6798.08
1896,region_94,2021-05,4409.54,-275.6300000000001,-0.05883030925238575,4685.17
1897,region_94,2021-06,4317.68,-91.85999999999967,-0.02083210493611576,4409.54
1898,region_94,2021-07,5450.62,1132.9399999999996,0.26239554575605406,4317.68
1899,region_94,2021-08,4391.71,-1058.9099999999999,-0.1942733120268887,5450.62
1900,region_95,2020-01,0.0,0.0,0.0,0.0
1901,region_95,2020-02,0.0,0.0,0.0,0.0
1902,region_95,2020-03,0.0,0.0,0.0,0.0
1903,region_95,2020-04,0.0,0.0,0.0,0.0
1904,region_95,2020-05,0.0,0.0,0.0,0.0
1905,region_95,2020-06,0.0,0.0,0.0,0.0
1906,region_95,2020-07,0.0,0.0,0.0,0.0
1907,region_95,2020-08,551.2,551.2,100.0,0.0
1908,region_95,2020-09,2296.65,1745.45,3.1666364296081273,551.2
1909,region_95,2020-10,1837.32,-459.33000000000015,-0.20000000000000007,2296.65
1910,region_95,2020-11,3490.91,1653.59,0.9000010885420069,1837.32
1911,region_95,2020-12,4562.68,1071.7700000000004,0.3070173679642272,3490.91
1912,region_95,2021-01,4991.39,428.71000000000004,0.09396012869629256,4562.68
1913,region_95,2021-02,4225.84,-765.5500000000002,-0.15337411021779512,4991.39
1914,region_95,2021-03,6063.16,1837.3199999999997,0.43478219714896915,4225.84
1915,region_95,2021-04,5818.18,-244.97999999999956,-0.040404673470599395,6063.16
1916,region_95,2021-05,4777.01,-1041.17,-0.17895114967223424,5818.18
1917,region_95,2021-06,6461.22,1684.21,0.3525657262597315,4777.01
1918,region_95,2021-07,6522.34,61.11999999999989,0.009459513837943856,6461.22
1919,region_95,2021-08,5008.34,-1514.0,-0.23212528019085177,6522.34
1920,region_96,2020-01,0.0,0.0,0.0,0.0
1921,region_96,2020-02,0.0,0.0,0.0,0.0
1922,region_96,2020-03,0.0,0.0,0.0,0.0
1923,region_96,2020-04,0.0,0.0,0.0,0.0
1924,region_96,2020-05,0.0,0.0,0.0,0.0
1925,region_96,2020-06,0.0,0.0,0.0,0.0
1926,region_96,2020-07,0.0,0.0,0.0,0.0
1927,region_96,2020-08,367.46,367.46,100.0,0.0
1928,region_96,2020-09,1561.72,1194.26,3.250040820769608,367.46
1929,region_96,2020-10,2664.11,1102.39,0.7058819762825603,1561.72
1930,region_96,2020-11,3766.51,1102.4,0.41379672761259867,2664.11
1931,region_96,2020-12,3031.58,-734.9300000000003,-0.19512227499727874,3766.51
1932,region_96,2021-01,5052.63,2021.0500000000002,0.6666655671300115,3031.58
1933,region_96,2021-02,3674.64,-1377.9900000000002,-0.2727272727272728,5052.63
1934,region_96,2021-03,7992.34,4317.700000000001,1.1749994557289969,3674.64
1935,region_96,2021-04,10166.5,2174.16,0.27203046917423435,7992.34
1936,region_96,2021-05,9186.58,-979.9200000000001,-0.09638715388776864,10166.5
1937,region_96,2021-06,9554.04,367.46000000000095,0.03999965166579966,9186.58
1938,region_96,2021-07,10656.07,1102.0299999999988,0.1153470155033891,9554.04
1939,region_96,2021-08,8617.69,-2038.3799999999992,-0.19128815782929343,10656.07
1940,region_97,2020-01,0.0,0.0,0.0,0.0
1941,region_97,2020-02,0.0,0.0,0.0,0.0
1942,region_97,2020-03,0.0,0.0,0.0,0.0
1943,region_97,2020-04,0.0,0.0,0.0,0.0
1944,region_97,2020-05,0.0,0.0,0.0,0.0
1945,region_97,2020-06,0.0,0.0,0.0,0.0
1946,region_97,2020-07,0.0,0.0,0.0,0.0
1947,region_97,2020-08,0.0,0.0,0.0,0.0
1948,region_97,2020-09,826.79,826.79,100.0,0.0
1949,region_97,2020-10,643.06,-183.73000000000002,-0.2222208783366998,826.79
1950,region_97,2020-11,2021.05,1377.99,2.1428638074207695,643.06
1951,region_97,2020-12,2388.52,367.47,0.18182133049652416,2021.05
1952,region_97,2021-01,2694.74,306.2199999999998,0.12820491350292218,2388.52
1953,region_97,2021-02,2204.78,-489.9599999999996,-0.18182088067865532,2694.74
1954,region_97,2021-03,2388.52,183.73999999999978,0.08333711299993629,2204.78
1955,region_97,2021-04,3735.88,1347.3600000000001,0.5640982700584463,2388.52
1956,region_97,2021-05,3950.19,214.30999999999995,0.057365332933605906,3735.88
1957,region_97,2021-06,3123.44,-826.75,-0.2092937301750042,3950.19
1958,region_97,2021-07,6246.69,3123.2499999999995,0.999939169633481,3123.44
1959,region_97,2021-08,3203.31,-3043.3799999999997,-0.48719882049533425,6246.69
1960,region_98,2020-01,0.0,0.0,0.0,0.0
1961,region_98,2020-02,0.0,0.0,0.0,0.0
1962,region_98,2020-03,0.0,0.0,0.0,0.0
1963,region_98,2020-04,0.0,0.0,0.0,0.0
1964,region_98,2020-05,0.0,0.0,0.0,0.0
1965,region_98,2020-06,0.0,0.0,0.0,0.0
1966,region_98,2020-07,0.0,0.0,0.0,0.0
1967,region_98,2020-08,0.0,0.0,0.0,0.0
1968,region_98,2020-09,0.0,0.0,0.0,0.0
1969,region_98,2020-10,3123.44,3123.44,100.0,0.0
1970,region_98,2020-11,1377.99,-1745.45,-0.5588229644238404,3123.44
1971,region_98,2020-12,1561.72,183.73000000000002,0.13333188194399082,1377.99
1972,region_98,2021-01,1653.59,91.86999999999989,0.05882616602207813,1561.72
1973,region_98,2021-02,949.28,-704.31,-0.4259278297522361,1653.59
1974,region_98,2021-03,2939.71,1990.43,2.0967786111579305,949.28
1975,region_98,2021-04,1469.86,-1469.8500000000001,-0.49999829915195726,2939.71
1976,region_98,2021-05,826.79,-643.0699999999999,-0.4375042521056427,1469.86
1977,region_98,2021-06,2143.54,1316.75,1.5926051355241357,826.79
1978,region_98,2021-07,3215.09,1071.5500000000002,0.49989736603935553,2143.54
1979,region_98,2021-08,1602.01,-1613.0800000000002,-0.5017215692251228,3215.09
1980,region_99,2020-01,0.0,0.0,0.0,0.0
1981,region_99,2020-02,0.0,0.0,0.0,0.0
1982,region_99,2020-03,0.0,0.0,0.0,0.0
1983,region_99,2020-04,0.0,0.0,0.0,0.0
1984,region_99,2020-05,0.0,0.0,0.0,0.0
1985,region_99,2020-06,0.0,0.0,0.0,0.0
1986,region_99,2020-07,0.0,0.0,0.0,0.0
1987,region_99,2020-08,0.0,0.0,0.0,0.0
1988,region_99,2020-09,367.46,367.46,100.0,0.0
1989,region_99,2020-10,0.0,-367.46,-1.0,367.46
1990,region_99,2020-11,918.66,918.66,100.0,0.0
1991,region_99,2020-12,551.2,-367.4599999999999,-0.39999564583197256,918.66
1992,region_99,2021-01,367.46,-183.74000000000007,-0.33334542815674906,551.2
1993,region_99,2021-02,551.2,183.74000000000007,0.5000272138464052,367.46
1994,region_99,2021-03,551.2,0.0,0.0,551.2
1995,region_99,2021-04,398.09,-153.11000000000007,-0.2777757619738753,551.2
1996,region_99,2021-05,1010.53,612.44,1.5384460800321538,398.09
1997,region_99,2021-06,1286.12,275.5899999999999,0.2727182765479501,1010.53
1998,region_99,2021-07,918.66,-367.4599999999999,-0.2857120641930768,1286.12
1999,region_99,2021-08,1077.21,158.55000000000007,0.17258833518385486,918.66
2000,region_100,2020-01,0.0,0.0,0.0,0.0
2001,region_100,2020-02,0.0,0.0,0.0,0.0
2002,region_100,2020-03,0.0,0.0,0.0,0.0
2003,region_100,2020-04,0.0,0.0,0.0,0.0
2004,region_100,2020-05,0.0,0.0,0.0,0.0
2005,region_100,2020-06,0.0,0.0,0.0,0.0
2006,region_100,2020-07,0.0,0.0,0.0,0.0
2007,region_100,2020-08,1102.39,1102.39,100.0,0.0
2008,region_100,2020-09,826.79,-275.60000000000014,-0.25000226779996204,1102.39
2009,region_100,2020-10,1745.45,918.6600000000001,1.1111164866532013,826.79
2010,region_100,2020-11,4409.57,2664.12,1.5263227247987623,1745.45
2011,region_100,2020-12,2847.85,-1561.7199999999998,-0.35416605247223654,4409.57
2012,region_100,2021-01,2633.49,-214.36000000000013,-0.07527081833663996,2847.85
2013,region_100,2021-02,4715.79,2082.3,0.7906997938097355,2633.49
2014,region_100,2021-03,6644.97,1929.1800000000003,0.4090894632712654,4715.79
2015,region_100,2021-04,4868.9,-1776.0700000000006,-0.2672803639444573,6644.97
2016,region_100,2021-05,4807.65,-61.25,-0.012579843496477672,4868.9
2017,region_100,2021-06,6706.22,1898.5700000000006,0.39490603517310974,4807.65
2018,region_100,2021-07,9462.1,2755.88,0.4109438700191763,6706.22
2019,region_100,2021-08,6960.44,-2501.6600000000008,-0.264387398146289,9462.1
2020,region_101,2020-01,0.0,0.0,0.0,0.0
2021,region_101,2020-02,0.0,0.0,0.0,0.0
2022,region_101,2020-03,0.0,0.0,0.0,0.0
2023,region_101,2020-04,0.0,0.0,0.0,0.0
2024,region_101,2020-05,0.0,0.0,0.0,0.0
2025,region_101,2020-06,0.0,0.0,0.0,0.0
2026,region_101,2020-07,0.0,0.0,0.0,0.0
2027,region_101,2020-08,0.0,0.0,0.0,0.0
2028,region_101,2020-09,0.0,0.0,0.0,0.0
2029,region_101,2020-10,551.2,551.2,100.0,0.0
2030,region_101,2020-11,275.6,-275.6,-0.5,551.2
2031,region_101,2020-12,275.6,0.0,0.0,275.6
2032,region_101,2021-01,244.98,-30.620000000000033,-0.11110304789550085,275.6
2033,region_101,2021-02,551.2,306.22,1.2499795901706263,244.98
2034,region_101,2021-03,275.6,-275.6,-0.5,551.2
2035,region_101,2021-04,1194.26,918.66,3.3333091436865017,275.6
2036,region_101,2021-05,765.55,-428.71000000000004,-0.35897543248538843,1194.26
2037,region_101,2021-06,367.46,-398.09,-0.5200052250016328,765.55
2038,region_101,2021-07,1286.03,918.5699999999999,2.49978228922876,367.46
2039,region_101,2021-08,828.62,-457.40999999999997,-0.35567599511675463,1286.03
2040,region_102,2020-01,0.0,0.0,0.0,0.0
2041,region_102,2020-02,0.0,0.0,0.0,0.0
2042,region_102,2020-03,0.0,0.0,0.0,0.0
2043,region_102,2020-04,0.0,0.0,0.0,0.0
2044,region_102,2020-05,0.0,0.0,0.0,0.0
2045,region_102,2020-06,0.0,0.0,0.0,0.0
2046,region_102,2020-07,0.0,0.0,0.0,0.0
2047,region_102,2020-08,0.0,0.0,0.0,0.0
2048,region_102,2020-09,122.49,122.49,100.0,0.0
2049,region_102,2020-10,459.33,336.84,2.7499387705118785,122.49
2050,region_102,2020-11,275.6,-183.72999999999996,-0.39999564583197256,459.33
2051,region_102,2020-12,2112.92,1837.3200000000002,6.666618287373004,275.6
2052,region_102,2021-01,367.46,-1745.46,-0.826089014255154,2112.92
2053,region_102,2021-02,734.93,367.46999999999997,1.0000272138464048,367.46
2054,region_102,2021-03,1776.08,1041.15,1.4166655327718285,734.93
2055,region_102,2021-04,1439.23,-336.8499999999999,-0.189659249583352,1776.08
2056,region_102,2021-05,3123.44,1684.21,1.1702160182875567,1439.23
2057,region_102,2021-06,2021.05,-1102.39,-0.35294098814128017,3123.44
2058,region_102,2021-07,2755.98,734.9300000000001,0.36363771306993886,2021.05
2059,region_102,2021-08,1849.89,-906.0899999999999,-0.3287723423246903,2755.98
2060,region_103,2020-01,0.0,0.0,0.0,0.0
2061,region_103,2020-02,0.0,0.0,0.0,0.0
2062,region_103,2020-03,0.0,0.0,0.0,0.0
2063,region_103,2020-04,0.0,0.0,0.0,0.0
2064,region_103,2020-05,0.0,0.0,0.0,0.0
2065,region_103,2020-06,0.0,0.0,0.0,0.0
2066,region_103,2020-07,0.0,0.0,0.0,0.0
2067,region_103,2020-08,91.87,91.87,100.0,0.0
2068,region_103,2020-09,275.6,183.73000000000002,1.9998911505388048,91.87
2069,region_103,2020-10,367.46,91.85999999999996,0.3333091436865019,275.6
2070,region_103,2020-11,398.09,30.629999999999995,0.0833560115386709,367.46
2071,region_103,2020-12,1010.53,612.44,1.5384460800321538,398.09
2072,region_103,2021-01,183.73,-826.8,-0.818184517035615,1010.53
2073,region_103,2021-02,1102.39,918.6600000000001,5.000054427692811,183.73
2074,region_103,2021-03,1010.53,-91.86000000000013,-0.08332804180008901,1102.39
2075,region_103,2021-04,1010.53,0.0,0.0,1010.53
2076,region_103,2021-05,1377.99,367.46000000000004,0.3636309659287702,1010.53
2077,region_103,2021-06,1377.99,0.0,0.0,1377.99
2078,region_103,2021-07,1561.72,183.73000000000002,0.13333188194399082,1377.99
2079,region_103,2021-08,939.11,-622.61,-0.3986694157723536,1561.72
2080,region_104,2020-01,0.0,0.0,0.0,0.0
2081,region_104,2020-02,0.0,0.0,0.0,0.0
2082,region_104,2020-03,0.0,0.0,0.0,0.0
2083,region_104,2020-04,0.0,0.0,0.0,0.0
2084,region_104,2020-05,0.0,0.0,0.0,0.0
2085,region_104,2020-06,0.0,0.0,0.0,0.0
2086,region_104,2020-07,0.0,0.0,0.0,0.0
2087,region_104,2020-08,1929.19,1929.19,100.0,0.0
2088,region_104,2020-09,3888.99,1959.7999999999997,1.015866762734619,1929.19
2089,region_104,2020-10,2664.11,-1224.8799999999997,-0.31496095387234213,3888.99
2090,region_104,2020-11,2419.14,-244.97000000000025,-0.09195190889265092,2664.11
2091,region_104,2020-12,3276.55,857.4100000000003,0.3544276065047911,2419.14
2092,region_104,2021-01,2939.71,-336.84000000000015,-0.10280325342204455,3276.55
2093,region_104,2021-02,2480.38,-459.3299999999999,-0.15625010630300262,2939.71
2094,region_104,2021-03,2664.11,183.73000000000002,0.07407332747401618,2480.38
2095,region_104,2021-04,4133.97,1469.8600000000001,0.5517264677509564,2664.11
2096,region_104,2021-05,3644.02,-489.9500000000003,-0.11851803472207112,4133.97
2097,region_104,2021-06,1469.86,-2174.16,-0.5966377791559871,3644.02
2098,region_104,2021-07,4991.36,3521.5,2.3958064033309294,1469.86
2099,region_104,2021-08,3065.91,-1925.4499999999998,-0.3857565873829978,4991.36
2100,region_105,2020-01,0.0,0.0,0.0,0.0
2101,region_105,2020-02,0.0,0.0,0.0,0.0
2102,region_105,2020-03,0.0,0.0,0.0,0.0
2103,region_105,2020-04,0.0,0.0,0.0,0.0
2104,region_105,2020-05,0.0,0.0,0.0,0.0
2105,region_105,2020-06,0.0,0.0,0.0,0.0
2106,region_105,2020-07,0.0,0.0,0.0,0.0
2107,region_105,2020-08,1929.19,1929.19,100.0,0.0
2108,region_105,2020-09,4225.84,2296.65,1.1904737221320865,1929.19
2109,region_105,2020-10,4593.3,367.46000000000004,0.08695549287242299,4225.84
2110,region_105,2020-11,5971.29,1377.9899999999998,0.30000000000000004,4593.3
2111,region_105,2020-12,7624.88,1653.5900000000001,0.2769234118590791,5971.29
2112,region_105,2021-01,4225.84,-3399.04,-0.44578275330234707,7624.88
2113,region_105,2021-02,6981.82,2755.9799999999996,0.6521732957234536,4225.84
2114,region_105,2021-03,3490.91,-3490.91,-0.5,6981.82
2115,region_105,2021-04,5603.83,2112.92,0.6052633840459938,3490.91
2116,region_105,2021-05,4440.19,-1163.6400000000003,-0.20765083880131985,5603.83
2117,region_105,2021-06,4470.81,30.6200000000008,0.0068961012929629195,4440.19
2118,region_105,2021-07,8114.63,3643.8199999999997,0.8150245704917005,4470.81
2119,region_105,2021-08,6794.72,-1319.9099999999999,-0.16265806327583632,8114.63
2120,region_106,2020-01,0.0,0.0,0.0,0.0
2121,region_106,2020-02,0.0,0.0,0.0,0.0
2122,region_106,2020-03,0.0,0.0,0.0,0.0
2123,region_106,2020-04,0.0,0.0,0.0,0.0
2124,region_106,2020-05,0.0,0.0,0.0,0.0
2125,region_106,2020-06,0.0,0.0,0.0,0.0
2126,region_106,2020-07,0.0,0.0,0.0,0.0
2127,region_106,2020-08,275.6,275.6,100.0,0.0
2128,region_106,2020-09,0.0,-275.6,-1.0,275.6
2129,region_106,2020-10,2664.11,2664.11,100.0,0.0
2130,region_106,2020-11,2847.85,183.73999999999978,0.06896862366794165,2664.11
2131,region_106,2020-12,2694.74,-153.11000000000013,-0.053763365345787184,2847.85
2132,region_106,2021-01,3245.93,551.19,0.20454292436376065,2694.74
2133,region_106,2021-02,3123.44,-122.48999999999978,-0.037736488464014895,3245.93
2134,region_106,2021-03,2296.65,-826.79,-0.2647049407064006,3123.44
2135,region_106,2021-04,4133.97,1837.3200000000002,0.8,2296.65
2136,region_106,2021-05,3521.53,-612.44,-0.14814814814814814,4133.97
2137,region_106,2021-06,2694.74,-826.7900000000004,-0.23478147282573214,3521.53
2138,region_106,2021-07,4899.47,2204.7300000000005,0.8181605646555885,2694.74
2139,region_106,2021-08,4069.24,-830.2300000000005,-0.16945302246977745,4899.47
2140,region_107,2020-01,0.0,0.0,0.0,0.0
2141,region_107,2020-02,0.0,0.0,0.0,0.0
2142,region_107,2020-03,0.0,0.0,0.0,0.0
2143,region_107,2020-04,0.0,0.0,0.0,0.0
2144,region_107,2020-05,0.0,0.0,0.0,0.0
2145,region_107,2020-06,0.0,0.0,0.0,0.0
2146,region_107,2020-07,0.0,0.0,0.0,0.0
2147,region_107,2020-08,367.46,367.46,100.0,0.0
2148,region_107,2020-09,1286.12,918.6599999999999,2.500027213846405,367.46
2149,region_107,2020-10,3705.26,2419.1400000000003,1.8809597860230776,1286.12
2150,region_107,2020-11,3215.31,-489.9500000000003,-0.13223093656045737,3705.26
2151,region_107,2020-12,2939.71,-275.5999999999999,-0.0857149077382896,3215.31
2152,region_107,2021-01,2694.74,-244.97000000000025,-0.08333134901061678,2939.71
2153,region_107,2021-02,2970.33,275.59000000000015,0.1022696067153046,2694.74
2154,region_107,2021-03,6644.97,3674.6400000000003,1.237115068022745,2970.33
2155,region_107,2021-04,6277.51,-367.46000000000004,-0.05529897049949062,6644.97
2156,region_107,2021-05,5083.25,-1194.2600000000002,-0.19024422103668492,6277.51
2157,region_107,2021-06,5450.72,367.47000000000025,0.07229036541582645,5083.25
2158,region_107,2021-07,4777.03,-673.6900000000005,-0.12359651568967045,5450.72
2159,region_107,2021-08,4170.74,-606.29,-0.12691777108370683,4777.03
2160,region_108,2020-01,0.0,0.0,0.0,0.0
2161,region_108,2020-02,0.0,0.0,0.0,0.0
2162,region_108,2020-03,0.0,0.0,0.0,0.0
2163,region_108,2020-04,0.0,0.0,0.0,0.0
2164,region_108,2020-05,0.0,0.0,0.0,0.0
2165,region_108,2020-06,0.0,0.0,0.0,0.0
2166,region_108,2020-07,0.0,0.0,0.0,0.0
2167,region_108,2020-08,551.2,551.2,100.0,0.0
2168,region_108,2020-09,3307.18,2755.9799999999996,4.999963715529752,551.2
2169,region_108,2020-10,1837.32,-1469.86,-0.4444451163831421,3307.18
2170,region_108,2020-11,6430.62,4593.3,2.5,1837.32
2171,region_108,2020-12,3858.37,-2572.25,-0.40000031101200195,6430.62
2172,region_108,2021-01,4593.3,734.9300000000003,0.1904768075638159,3858.37
2173,region_108,2021-02,6706.22,2112.92,0.4600004354168028,4593.3
2174,region_108,2021-03,5634.45,-1071.7700000000004,-0.15981730393574922,6706.22
2175,region_108,2021-04,6155.02,520.5700000000006,0.09239056163423243,5634.45
2176,region_108,2021-05,5787.56,-367.46000000000004,-0.05970086206056191,6155.02
2177,region_108,2021-06,2847.85,-2939.7100000000005,-0.5079359868407411,5787.56
2178,region_108,2021-07,5787.56,2939.7100000000005,1.0322559123549344,2847.85
2179,region_108,2021-08,6738.77,951.21,0.16435423563643403,5787.56
2180,region_109,2020-01,0.0,0.0,0.0,0.0
2181,region_109,2020-02,0.0,0.0,0.0,0.0
2182,region_109,2020-03,0.0,0.0,0.0,0.0
2183,region_109,2020-04,0.0,0.0,0.0,0.0
2184,region_109,2020-05,0.0,0.0,0.0,0.0
2185,region_109,2020-06,0.0,0.0,0.0,0.0
2186,region_109,2020-07,0.0,0.0,0.0,0.0
2187,region_109,2020-08,0.0,0.0,0.0,0.0
2188,region_109,2020-09,1929.19,1929.19,100.0,0.0
2189,region_109,2020-10,2021.05,91.8599999999999,0.04761583877171249,1929.19
2190,region_109,2020-11,2021.05,0.0,0.0,2021.05
2191,region_109,2020-12,3399.04,1377.99,0.6818188565349694,2021.05
2192,region_109,2021-01,3123.44,-275.5999999999999,-0.0810817171907362,3399.04
2193,region_109,2021-02,2388.52,-734.9200000000001,-0.23529185769536154,3123.44
2194,region_109,2021-03,2939.71,551.19,0.23076633228945131,2388.52
2195,region_109,2021-04,5052.63,2112.92,0.7187511693330295,2939.71
2196,region_109,2021-05,3582.77,-1469.8600000000001,-0.29090988257600503,5052.63
2197,region_109,2021-06,6155.02,2572.2500000000005,0.7179500777331507,3582.77
2198,region_109,2021-07,4960.76,-1194.2600000000002,-0.1940302387319619,6155.02
2199,region_109,2021-08,10256.3,5295.539999999999,1.0674856272022835,4960.76
2200,region_110,2020-01,0.0,0.0,0.0,0.0
2201,region_110,2020-02,0.0,0.0,0.0,0.0
2202,region_110,2020-03,0.0,0.0,0.0,0.0
2203,region_110,2020-04,0.0,0.0,0.0,0.0
2204,region_110,2020-05,0.0,0.0,0.0,0.0
2205,region_110,2020-06,0.0,0.0,0.0,0.0
2206,region_110,2020-07,0.0,0.0,0.0,0.0
2207,region_110,2020-08,643.06,643.06,100.0,0.0
2208,region_110,2020-09,1837.32,1194.26,1.8571517432276927,643.06
2209,region_110,2020-10,551.2,-1286.12,-0.6999978229159862,1837.32
2210,region_110,2020-11,2664.11,2112.91,3.8332910014513786,551.2
2211,region_110,2020-12,3215.31,551.1999999999998,0.2068983638062991,2664.11
2212,region_110,2021-01,4899.52,1684.2100000000005,0.523809523809524,3215.31
2213,region_110,2021-02,3337.8,-1561.7200000000003,-0.31874959179674744,4899.52
2214,region_110,2021-03,3950.24,612.4399999999996,0.1834861285876923,3337.8
2215,region_110,2021-04,4225.84,275.60000000000036,0.06976791283567585,3950.24
2216,region_110,2021-05,3031.58,-1194.2600000000002,-0.2826089014255154,4225.84
2217,region_110,2021-06,3766.51,734.9300000000003,0.2424247422136312,3031.58
2218,region_110,2021-07,3521.43,-245.08000000000038,-0.06506819310183709,3766.51
2219,region_110,2021-08,2651.6,-869.8299999999999,-0.24701044746026468,3521.43
2220,region_111,2020-01,0.0,0.0,0.0,0.0
2221,region_111,2020-02,0.0,0.0,0.0,0.0
2222,region_111,2020-03,0.0,0.0,0.0,0.0
2223,region_111,2020-04,0.0,0.0,0.0,0.0
2224,region_111,2020-05,0.0,0.0,0.0,0.0
2225,region_111,2020-06,0.0,0.0,0.0,0.0
2226,region_111,2020-07,0.0,0.0,0.0,0.0
2227,region_111,2020-08,0.0,0.0,0.0,0.0
2228,region_111,2020-09,428.71,428.71,100.0,0.0
2229,region_111,2020-10,1653.59,1224.8799999999999,2.8571295281192413,428.71
2230,region_111,2020-11,551.2,-1102.3899999999999,-0.6666646508505736,1653.59
2231,region_111,2020-12,1010.53,459.3299999999999,0.8333272859216254,551.2
2232,region_111,2021-01,183.73,-826.8,-0.818184517035615,1010.53
2233,region_111,2021-02,643.06,459.3299999999999,2.500027213846405,183.73
2234,region_111,2021-03,643.06,0.0,0.0,643.06
2235,region_111,2021-04,91.87,-551.1899999999999,-0.8571361925792306,643.06
2236,region_111,2021-05,643.04,551.17,5.999455752694024,91.87
2237,region_111,2021-06,1194.26,551.22,0.8572095048519532,643.04
2238,region_111,2021-07,918.66,-275.6,-0.23077051898246614,1194.26
2239,region_111,2021-08,1242.94,324.2800000000001,0.3529924019767925,918.66
2240,region_112,2020-01,0.0,0.0,0.0,0.0
2241,region_112,2020-02,0.0,0.0,0.0,0.0
2242,region_112,2020-03,0.0,0.0,0.0,0.0
2243,region_112,2020-04,0.0,0.0,0.0,0.0
2244,region_112,2020-05,0.0,0.0,0.0,0.0
2245,region_112,2020-06,0.0,0.0,0.0,0.0
2246,region_112,2020-07,0.0,0.0,0.0,0.0
2247,region_112,2020-08,0.0,0.0,0.0,0.0
2248,region_112,2020-09,0.0,0.0,0.0,0.0
2249,region_112,2020-10,0.0,0.0,0.0,0.0
2250,region_112,2020-11,30.62,30.62,100.0,0.0
2251,region_112,2020-12,0.0,-30.62,-1.0,30.62
2252,region_112,2021-01,183.73,183.73,100.0,0.0
2253,region_112,2021-02,0.0,-183.73,-1.0,183.73
2254,region_112,2021-03,0.0,0.0,0.0,0.0
2255,region_112,2021-04,275.6,275.6,100.0,0.0
2256,region_112,2021-05,91.87,-183.73000000000002,-0.666654571843251,275.6
2257,region_112,2021-06,275.6,183.73000000000002,1.9998911505388048,91.87
2258,region_112,2021-07,275.6,0.0,0.0,275.6
2259,region_112,2021-08,1657.25,1381.65,5.013243831640057,275.6
2260,region_113,2020-01,0.0,0.0,0.0,0.0
2261,region_113,2020-02,0.0,0.0,0.0,0.0
2262,region_113,2020-03,0.0,0.0,0.0,0.0
2263,region_113,2020-04,0.0,0.0,0.0,0.0
2264,region_113,2020-05,0.0,0.0,0.0,0.0
2265,region_113,2020-06,0.0,0.0,0.0,0.0
2266,region_113,2020-07,0.0,0.0,0.0,0.0
2267,region_113,2020-08,0.0,0.0,0.0,0.0
2268,region_113,2020-09,0.0,0.0,0.0,0.0
2269,region_113,2020-10,551.2,551.2,100.0,0.0
2270,region_113,2020-11,459.33,-91.87000000000006,-0.16667271407837458,551.2
2271,region_113,2020-12,367.46,-91.87,-0.20000870833605466,459.33
2272,region_113,2021-01,643.06,275.59999999999997,0.7500136069232024,367.46
2273,region_113,2021-02,1102.39,459.33000000000015,0.7142879358069234,643.06
2274,region_113,2021-03,1010.53,-91.86000000000013,-0.08332804180008901,1102.39
2275,region_113,2021-04,1010.53,0.0,0.0,1010.53
2276,region_113,2021-05,826.79,-183.74,-0.18182537876163996,1010.53
2277,region_113,2021-06,1561.72,734.9300000000001,0.8888956083165014,826.79
2278,region_113,2021-07,1653.59,91.86999999999989,0.05882616602207813,1561.72
2279,region_113,2021-08,1242.94,-410.64999999999986,-0.2483384635852901,1653.59
2280,region_114,2020-01,0.0,0.0,0.0,0.0
2281,region_114,2020-02,0.0,0.0,0.0,0.0
2282,region_114,2020-03,0.0,0.0,0.0,0.0
2283,region_114,2020-04,0.0,0.0,0.0,0.0
2284,region_114,2020-05,0.0,0.0,0.0,0.0
2285,region_114,2020-06,0.0,0.0,0.0,0.0
2286,region_114,2020-07,0.0,0.0,0.0,0.0
2287,region_114,2020-08,0.0,0.0,0.0,0.0
2288,region_114,2020-09,581.82,581.82,100.0,0.0
2289,region_114,2020-10,1377.99,796.17,1.3684129112096524,581.82
2290,region_114,2020-11,918.66,-459.33000000000004,-0.33333333333333337,1377.99
2291,region_114,2020-12,2480.38,1561.7200000000003,1.6999978229159867,918.66
2292,region_114,2021-01,826.79,-1653.5900000000001,-0.666668010546771,2480.38
2293,region_114,2021-02,459.33,-367.46,-0.4444417566733996,826.79
2294,region_114,2021-03,1194.26,734.9300000000001,1.6000043541680276,459.33
2295,region_114,2021-04,1194.26,0.0,0.0,1194.26
2296,region_114,2021-05,2602.87,1408.61,1.179483529549679,1194.26
2297,region_114,2021-06,826.79,-1776.08,-0.6823544779416567,2602.87
2298,region_114,2021-07,1102.39,275.60000000000014,0.33333736498990096,826.79
2299,region_114,2021-08,1693.16,590.77,0.5358992733968921,1102.39
2300,region_115,2020-01,0.0,0.0,0.0,0.0
2301,region_115,2020-02,0.0,0.0,0.0,0.0
2302,region_115,2020-03,0.0,0.0,0.0,0.0
2303,region_115,2020-04,0.0,0.0,0.0,0.0
2304,region_115,2020-05,0.0,0.0,0.0,0.0
2305,region_115,2020-06,0.0,0.0,0.0,0.0
2306,region_115,2020-07,0.0,0.0,0.0,0.0
2307,region_115,2020-08,0.0,0.0,0.0,0.0
2308,region_115,2020-09,122.49,122.49,100.0,0.0
2309,region_115,2020-10,5848.8,5726.31,46.749204016654424,122.49
2310,region_115,2020-11,8512.92,2664.12,0.4554985638079605,5848.8
2311,region_115,2020-12,9645.93,1133.0100000000002,0.13309299276863884,8512.92
2312,region_115,2021-01,7104.3,-2541.63,-0.26349247817473276,9645.93
2313,region_115,2021-02,9064.11,1959.8100000000004,0.27586250580634264,7104.3
2314,region_115,2021-03,11177.03,2112.92,0.23310838019397373,9064.11
2315,region_115,2021-04,8114.83,-3062.2000000000007,-0.2739726027397261,11177.03
2316,region_115,2021-05,7012.44,-1102.3900000000003,-0.13584881014143246,8114.83
2317,region_115,2021-06,7165.55,153.11000000000058,0.021834054908134837,7012.44
2318,region_115,2021-07,8267.84,1102.29,0.15383187612953653,7165.55
2319,region_115,2021-08,5413.68,-2854.16,-0.3452122924488137,8267.84
2320,region_116,2020-01,0.0,0.0,0.0,0.0
2321,region_116,2020-02,0.0,0.0,0.0,0.0
2322,region_116,2020-03,0.0,0.0,0.0,0.0
2323,region_116,2020-04,0.0,0.0,0.0,0.0
2324,region_116,2020-05,0.0,0.0,0.0,0.0
2325,region_116,2020-06,0.0,0.0,0.0,0.0
2326,region_116,2020-07,0.0,0.0,0.0,0.0
2327,region_116,2020-08,0.0,0.0,0.0,0.0
2328,region_116,2020-09,275.6,275.6,100.0,0.0
2329,region_116,2020-10,1561.72,1286.12,4.666618287373004,275.6
2330,region_116,2020-11,275.6,-1286.12,-0.823527905130241,1561.72
2331,region_116,2020-12,2296.65,2021.0500000000002,7.333272859216255,275.6
2332,region_116,2021-01,765.55,-1531.1000000000001,-0.6666666666666667,2296.65
2333,region_116,2021-02,2694.74,1929.1899999999998,2.5200052250016327,765.55
2334,region_116,2021-03,3307.18,612.44,0.22727238991516807,2694.74
2335,region_116,2021-04,2051.65,-1255.5299999999997,-0.37963763689911034,3307.18
2336,region_116,2021-05,2204.78,153.1300000000001,0.07463748690078731,2051.65
2337,region_116,2021-06,2204.78,0.0,0.0,2204.78
2338,region_116,2021-07,2449.76,244.98000000000002,0.11111312693329944,2204.78
2339,region_116,2021-08,1740.11,-709.6500000000003,-0.28968143818169956,2449.76
2340,region_117,2020-01,0.0,0.0,0.0,0.0
2341,region_117,2020-02,0.0,0.0,0.0,0.0
2342,region_117,2020-03,0.0,0.0,0.0,0.0
2343,region_117,2020-04,0.0,0.0,0.0,0.0
2344,region_117,2020-05,0.0,0.0,0.0,0.0
2345,region_117,2020-06,0.0,0.0,0.0,0.0
2346,region_117,2020-07,0.0,0.0,0.0,0.0
2347,region_117,2020-08,367.46,367.46,100.0,0.0
2348,region_117,2020-09,643.06,275.59999999999997,0.7500136069232024,367.46
2349,region_117,2020-10,3950.24,3307.18,5.142879358069232,643.06
2350,region_117,2020-11,4256.46,306.22000000000025,0.07751934059702714,3950.24
2351,region_117,2020-12,4317.7,61.23999999999978,0.014387542699802136,4256.46
2352,region_117,2021-01,5634.45,1316.75,0.3049656066887463,4317.7
2353,region_117,2021-02,5756.94,122.48999999999978,0.02173947767750173,5634.45
2354,region_117,2021-03,4348.32,-1408.62,-0.24468207068338388,5756.94
2355,region_117,2021-04,6124.4,1776.08,0.40845199985281666,4348.32
2356,region_117,2021-05,8512.92,2388.5200000000004,0.39000065312520427,6124.4
2357,region_117,2021-06,6277.51,-2235.41,-0.2625902745473938,8512.92
2358,region_117,2021-07,4623.92,-1653.5900000000001,-0.26341495274400206,6277.51
2359,region_117,2021-08,8229.58,3605.66,0.7797842523227045,4623.92
2360,region_118,2020-01,0.0,0.0,0.0,0.0
2361,region_118,2020-02,0.0,0.0,0.0,0.0
2362,region_118,2020-03,0.0,0.0,0.0,0.0
2363,region_118,2020-04,0.0,0.0,0.0,0.0
2364,region_118,2020-05,0.0,0.0,0.0,0.0
2365,region_118,2020-06,0.0,0.0,0.0,0.0
2366,region_118,2020-07,0.0,0.0,0.0,0.0
2367,region_118,2020-08,275.6,275.6,100.0,0.0
2368,region_118,2020-09,367.46,91.85999999999996,0.3333091436865019,275.6
2369,region_118,2020-10,1377.99,1010.53,2.7500408207696077,367.46
2370,region_118,2020-11,30.62,-1347.3700000000001,-0.9777792291671202,1377.99
2371,region_118,2020-12,551.2,520.58,17.001306335728284,30.62
2372,region_118,2021-01,2021.05,1469.85,2.6666364296081273,551.2
2373,region_118,2021-02,367.46,-1653.59,-0.8181836174265852,2021.05
2374,region_118,2021-03,91.87,-275.59,-0.7499863930767974,367.46
2375,region_118,2021-04,1561.7,1469.83,15.999020354849243,91.87
2376,region_118,2021-05,367.46,-1194.24,-0.7647051290260614,1561.7
2377,region_118,2021-06,244.98,-122.47999999999999,-0.33331519076906324,367.46
2378,region_118,2021-07,1561.7,1316.72,5.374806106620949,244.98
2379,region_118,2021-08,1361.69,-200.01,-0.1280719728500992,1561.7
2380,region_119,2020-01,0.0,0.0,0.0,0.0
2381,region_119,2020-02,0.0,0.0,0.0,0.0
2382,region_119,2020-03,0.0,0.0,0.0,0.0
2383,region_119,2020-04,0.0,0.0,0.0,0.0
2384,region_119,2020-05,0.0,0.0,0.0,0.0
2385,region_119,2020-06,0.0,0.0,0.0,0.0
2386,region_119,2020-07,0.0,0.0,0.0,0.0
2387,region_119,2020-08,0.0,0.0,0.0,0.0
2388,region_119,2020-09,0.0,0.0,0.0,0.0
2389,region_119,2020-10,734.93,734.93,100.0,0.0
2390,region_119,2020-11,673.68,-61.25,-0.08334127059719976,734.93
2391,region_119,2020-12,275.6,-398.0799999999999,-0.5909036931480821,673.68
2392,region_119,2021-01,1224.88,949.2800000000001,3.4444121915820025,275.6
2393,region_119,2021-02,551.2,-673.6800000000001,-0.5499967343739796,1224.88
2394,region_119,2021-03,1041.15,489.95000000000005,0.8888788098693758,551.2
2395,region_119,2021-04,1133.01,91.8599999999999,0.08822936176343465,1041.15
2396,region_119,2021-05,949.28,-183.73000000000002,-0.1621609694530498,1133.01
2397,region_119,2021-06,1377.99,428.71000000000004,0.4516159615708748,949.28
2398,region_119,2021-07,367.46,-1010.53,-0.7333362361120183,1377.99
2399,region_119,2021-08,1077.21,709.75,1.9315027485984873,367.46
2400,region_120,2020-01,0.0,0.0,0.0,0.0
2401,region_120,2020-02,0.0,0.0,0.0,0.0
2402,region_120,2020-03,0.0,0.0,0.0,0.0
2403,region_120,2020-04,0.0,0.0,0.0,0.0
2404,region_120,2020-05,0.0,0.0,0.0,0.0
2405,region_120,2020-06,0.0,0.0,0.0,0.0
2406,region_120,2020-07,0.0,0.0,0.0,0.0
2407,region_120,2020-08,0.0,0.0,0.0,0.0
2408,region_120,2020-09,0.0,0.0,0.0,0.0
2409,region_120,2020-10,3399.04,3399.04,100.0,0.0
2410,region_120,2020-11,5236.36,1837.3199999999997,0.5405408585953679,3399.04
2411,region_120,2020-12,3582.77,-1653.5899999999997,-0.31578997624303906,5236.36
2412,region_120,2021-01,9002.87,5420.1,1.512823876497794,3582.77
2413,region_120,2021-02,6461.22,-2541.6500000000005,-0.2823155282704294,9002.87
2414,region_120,2021-03,7900.45,1439.2299999999996,0.22274895453180665,6461.22
2415,region_120,2021-04,14606.67,6706.22,0.8488402559347885,7900.45
2416,region_120,2021-05,13932.94,-673.7299999999996,-0.04612481831930204,14606.67
2417,region_120,2021-06,10104.7,-3828.24,-0.2747618234198955,13932.94
2418,region_120,2021-07,18004.66,7899.959999999999,0.7818104446445713,10104.7
2419,region_120,2021-08,10053.26,-7951.4,-0.441630111315626,18004.66
2420,region_121,2020-01,0.0,0.0,0.0,0.0
2421,region_121,2020-02,0.0,0.0,0.0,0.0
2422,region_121,2020-03,0.0,0.0,0.0,0.0
2423,region_121,2020-04,0.0,0.0,0.0,0.0
2424,region_121,2020-05,0.0,0.0,0.0,0.0
2425,region_121,2020-06,0.0,0.0,0.0,0.0
2426,region_121,2020-07,0.0,0.0,0.0,0.0
2427,region_121,2020-08,2112.92,2112.92,100.0,0.0
2428,region_121,2020-09,13688.03,11575.11,5.478252844404899,2112.92
2429,region_121,2020-10,10074.64,-3613.3900000000012,-0.26398174171155386,13688.03
2430,region_121,2020-11,16260.28,6185.640000000001,0.6139812439948229,10074.64
2431,region_121,2020-12,13167.46,-3092.8200000000015,-0.19020705670505067,16260.28
2432,region_121,2021-01,19598.08,6430.620000000003,0.488372093023256,13167.46
2433,region_121,2021-02,17209.56,-2388.5200000000004,-0.12187520410162633,19598.08
2434,region_121,2021-03,20057.41,2847.8499999999985,0.16548069793765774,17209.56
2435,region_121,2021-04,21312.91,1255.5,0.06259532013355673,20057.41
2436,region_121,2021-05,20271.76,-1041.1500000000015,-0.048850673136610734,21312.91
2437,region_121,2021-06,17301.43,-2970.329999999998,-0.1465255113517523,20271.76
2438,region_121,2021-07,15494.63,-1806.800000000001,-0.10443067422750607,17301.43
2439,region_121,2021-08,16020.06,525.4300000000003,0.033910458010291356,15494.63
2440,region_122,2020-01,0.0,0.0,0.0,0.0
2441,region_122,2020-02,0.0,0.0,0.0,0.0
2442,region_122,2020-03,0.0,0.0,0.0,0.0
2443,region_122,2020-04,0.0,0.0,0.0,0.0
2444,region_122,2020-05,0.0,0.0,0.0,0.0
2445,region_122,2020-06,0.0,0.0,0.0,0.0
2446,region_122,2020-07,0.0,0.0,0.0,0.0
2447,region_122,2020-08,91.87,91.87,100.0,0.0
2448,region_122,2020-09,1347.37,1255.5,13.666049853053226,91.87
2449,region_122,2020-10,1959.81,612.44,0.45454477983033614,1347.37
2450,region_122,2020-11,3215.31,1255.5,0.6406233257305556,1959.81
2451,region_122,2020-12,2327.27,-888.04,-0.27619109821448007,3215.31
2452,region_122,2021-01,1469.86,-857.4100000000001,-0.3684187911157709,2327.27
2453,region_122,2021-02,2511.0,1041.14,0.7083259630168861,1469.86
2454,region_122,2021-03,3307.18,796.1799999999998,0.3170768618080446,2511.0
2455,region_122,2021-04,2112.92,-1194.2599999999998,-0.36111127909578544,3307.18
2456,region_122,2021-05,1653.59,-459.33000000000015,-0.2173910985744847,2112.92
2457,region_122,2021-06,2786.6,1133.01,0.6851819374814798,1653.59
2458,region_122,2021-07,3307.15,520.5500000000002,0.18680470824660889,2786.6
2459,region_122,2021-08,994.35,-2312.8,-0.69933326277913,3307.15
2460,region_123,2020-01,0.0,0.0,0.0,0.0
2461,region_123,2020-02,0.0,0.0,0.0,0.0
2462,region_123,2020-03,0.0,0.0,0.0,0.0
2463,region_123,2020-04,0.0,0.0,0.0,0.0
2464,region_123,2020-05,0.0,0.0,0.0,0.0
2465,region_123,2020-06,0.0,0.0,0.0,0.0
2466,region_123,2020-07,0.0,0.0,0.0,0.0
2467,region_123,2020-08,275.6,275.6,100.0,0.0
2468,region_123,2020-09,336.84,61.23999999999995,0.22220609579100126,275.6
2469,region_123,2020-10,918.66,581.8199999999999,1.7272889205557536,336.84
2470,region_123,2020-11,581.82,-336.8399999999999,-0.36666448958265296,918.66
2471,region_123,2020-12,459.33,-122.49000000000007,-0.21052902959678266,581.82
2472,region_123,2021-01,1194.26,734.9300000000001,1.6000043541680276,459.33
2473,region_123,2021-02,1806.7,612.44,0.5128196540116894,1194.26
2474,region_123,2021-03,1010.53,-796.1700000000001,-0.44067637128466264,1806.7
2475,region_123,2021-04,1745.45,734.9200000000001,0.7272619318575402,1010.53
2476,region_123,2021-05,2909.09,1163.64,0.6666704861210577,1745.45
2477,region_123,2021-06,1102.39,-1806.7,-0.6210533190791622,2909.09
2478,region_123,2021-07,3245.83,2143.4399999999996,1.9443572601347978,1102.39
2479,region_123,2021-08,1602.01,-1643.82,-0.5064405714408949,3245.83
2480,region_124,2020-01,0.0,0.0,0.0,0.0
2481,region_124,2020-02,0.0,0.0,0.0,0.0
2482,region_124,2020-03,0.0,0.0,0.0,0.0
2483,region_124,2020-04,0.0,0.0,0.0,0.0
2484,region_124,2020-05,0.0,0.0,0.0,0.0
2485,region_124,2020-06,0.0,0.0,0.0,0.0
2486,region_124,2020-07,0.0,0.0,0.0,0.0
2487,region_124,2020-08,398.09,398.09,100.0,0.0
2488,region_124,2020-09,1163.64,765.5500000000002,1.9230576000401922,398.09
2489,region_124,2020-10,5297.61,4133.969999999999,3.5526193668144783,1163.64
2490,region_124,2020-11,6430.62,1133.0100000000002,0.21387191582619347,5297.61
2491,region_124,2020-12,8206.7,1776.0800000000008,0.2761910982144802,6430.62
2492,region_124,2021-01,6124.4,-2082.300000000001,-0.25373170701987413,8206.7
2493,region_124,2021-02,10350.24,4225.84,0.6900006531252041,6124.4
2494,region_124,2021-03,9400.95,-949.289999999999,-0.09171671381533175,10350.24
2495,region_124,2021-04,9186.6,-214.35000000000036,-0.02280088714438433,9400.95
2496,region_124,2021-05,9125.36,-61.23999999999978,-0.006666231249863874,9186.6
2497,region_124,2021-06,8145.45,-979.9100000000008,-0.10738316077393117,9125.36
2498,region_124,2021-07,12310.04,4164.590000000001,0.5112780754899977,8145.45
2499,region_124,2021-08,6767.1,-5542.9400000000005,-0.45027798447446155,12310.04
2500,region_125,2020-01,0.0,0.0,0.0,0.0
2501,region_125,2020-02,0.0,0.0,0.0,0.0
2502,region_125,2020-03,0.0,0.0,0.0,0.0
2503,region_125,2020-04,0.0,0.0,0.0,0.0
2504,region_125,2020-05,0.0,0.0,0.0,0.0
2505,region_125,2020-06,0.0,0.0,0.0,0.0
2506,region_125,2020-07,0.0,0.0,0.0,0.0
2507,region_125,2020-08,0.0,0.0,0.0,0.0
2508,region_125,2020-09,91.87,91.87,100.0,0.0
2509,region_125,2020-10,459.33,367.46,3.9997823010776097,91.87
2510,region_125,2020-11,275.6,-183.72999999999996,-0.39999564583197256,459.33
2511,region_125,2020-12,367.46,91.85999999999996,0.3333091436865019,275.6
2512,region_125,2021-01,428.71,61.25,0.16668480923093676,367.46
2513,region_125,2021-02,734.93,306.21999999999997,0.7142823820298103,428.71
2514,region_125,2021-03,1194.26,459.33000000000004,0.624998299157743,734.93
2515,region_125,2021-04,1010.53,-183.73000000000002,-0.15384422152630084,1194.26
2516,region_125,2021-05,2021.05,1010.52,0.999990104202745,1010.53
2517,region_125,2021-06,1010.53,-1010.52,-0.4999975260384454,2021.05
2518,region_125,2021-07,1102.29,91.75999999999999,0.0908038356110159,1010.53
2519,region_125,2021-08,2485.87,1383.58,1.2551869290295659,1102.29
2520,region_126,2020-01,0.0,0.0,0.0,0.0
2521,region_126,2020-02,0.0,0.0,0.0,0.0
2522,region_126,2020-03,0.0,0.0,0.0,0.0
2523,region_126,2020-04,0.0,0.0,0.0,0.0
2524,region_126,2020-05,0.0,0.0,0.0,0.0
2525,region_126,2020-06,0.0,0.0,0.0,0.0
2526,region_126,2020-07,0.0,0.0,0.0,0.0
2527,region_126,2020-08,275.6,275.6,100.0,0.0
2528,region_126,2020-09,6063.16,5787.5599999999995,20.99985486211901,275.6
2529,region_126,2020-10,6522.49,459.3299999999999,0.07575752577863692,6063.16
2530,region_126,2020-11,10962.68,4440.1900000000005,0.6807507562295996,6522.49
2531,region_126,2020-12,10411.48,-551.2000000000007,-0.05027967613758688,10962.68
2532,region_126,2021-01,10778.94,367.46000000000095,0.035293733455762366,10411.48
2533,region_126,2021-02,17025.83,6246.890000000001,0.5795458551582995,10778.94
2534,region_126,2021-03,20394.25,3368.4199999999983,0.1978417498588907,17025.83
2535,region_126,2021-04,16658.34,-3735.91,-0.1831844760165242,20394.25
2536,region_126,2021-05,22078.41,5420.07,0.3253667532299136,16658.34
2537,region_126,2021-06,19536.74,-2541.6699999999983,-0.1151201558445557,22078.41
2538,region_126,2021-07,25171.28,5634.539999999997,0.28840738014632916,19536.74
2539,region_126,2021-08,12650.33,-12520.949999999999,-0.4974300075323941,25171.28
2540,region_127,2020-01,0.0,0.0,0.0,0.0
2541,region_127,2020-02,0.0,0.0,0.0,0.0
2542,region_127,2020-03,0.0,0.0,0.0,0.0
2543,region_127,2020-04,0.0,0.0,0.0,0.0
2544,region_127,2020-05,0.0,0.0,0.0,0.0
2545,region_127,2020-06,0.0,0.0,0.0,0.0
2546,region_127,2020-07,0.0,0.0,0.0,0.0
2547,region_127,2020-08,367.46,367.46,100.0,0.0
2548,region_127,2020-09,3429.66,3062.2,8.333424046154684,367.46
2549,region_127,2020-10,6430.62,3000.96,0.8750021868056892,3429.66
2550,region_127,2020-11,8635.4,2204.7799999999997,0.3428565208331389,6430.62
2551,region_127,2020-12,12003.82,3368.42,0.39007110267040335,8635.4
2552,region_127,2021-01,13626.79,1622.9700000000012,0.1352044599135942,12003.82
2553,region_127,2021-02,13320.57,-306.22000000000116,-0.022471910112359605,13626.79
2554,region_127,2021-03,14545.45,1224.880000000001,0.09195402298850586,13320.57
2555,region_127,2021-04,14116.74,-428.71000000000095,-0.029473821710569337,14545.45
2556,region_127,2021-05,12095.64,-2021.1000000000004,-0.1431704487013291,14116.74
2557,region_127,2021-06,11973.03,-122.60999999999876,-0.010136710417968708,12095.64
2558,region_127,2021-07,14300.28,2327.25,0.19437435636593237,11973.03
2559,region_127,2021-08,16672.59,2372.3099999999995,0.16589255594995334,14300.28
2560,region_128,2020-01,0.0,0.0,0.0,0.0
2561,region_128,2020-02,0.0,0.0,0.0,0.0
2562,region_128,2020-03,0.0,0.0,0.0,0.0
2563,region_128,2020-04,0.0,0.0,0.0,0.0
2564,region_128,2020-05,0.0,0.0,0.0,0.0
2565,region_128,2020-06,0.0,0.0,0.0,0.0
2566,region_128,2020-07,0.0,0.0,0.0,0.0
2567,region_128,2020-08,2480.38,2480.38,100.0,0.0
2568,region_128,2020-09,4868.9,2388.5199999999995,0.9629653520831483,2480.38
2569,region_128,2020-10,6553.11,1684.21,0.34591180759514484,4868.9
2570,region_128,2020-11,4501.43,-2051.6799999999994,-0.3130849321925009,6553.11
2571,region_128,2020-12,5052.63,551.1999999999998,0.12244997700730642,4501.43
2572,region_128,2021-01,5328.23,275.59999999999945,0.054545850378911576,5052.63
2573,region_128,2021-02,4623.9,-704.3299999999999,-0.13218836273959644,5328.23
2574,region_128,2021-03,4685.17,61.27000000000044,0.013250719089945795,4623.9
2575,region_128,2021-04,5542.58,857.4099999999999,0.18300509906790996,4685.17
2576,region_128,2021-05,6001.89,459.3100000000004,0.0828693496530497,5542.58
2577,region_128,2021-06,4593.3,-1408.5900000000001,-0.23469107231222164,6001.89
2578,region_128,2021-07,8176.07,3582.7699999999995,0.7799991291663944,4593.3
2579,region_128,2021-08,4557.43,-3618.6399999999994,-0.442589165699413,8176.07
2580,region_129,2020-01,0.0,0.0,0.0,0.0
2581,region_129,2020-02,0.0,0.0,0.0,0.0
2582,region_129,2020-03,0.0,0.0,0.0,0.0
2583,region_129,2020-04,0.0,0.0,0.0,0.0
2584,region_129,2020-05,0.0,0.0,0.0,0.0
2585,region_129,2020-06,0.0,0.0,0.0,0.0
2586,region_129,2020-07,0.0,0.0,0.0,0.0
2587,region_129,2020-08,0.0,0.0,0.0,0.0
2588,region_129,2020-09,551.2,551.2,100.0,0.0
2589,region_129,2020-10,1194.26,643.06,1.1666545718432508,551.2
2590,region_129,2020-11,367.46,-826.8,-0.6923115569473983,1194.26
2591,region_129,2020-12,275.6,-91.85999999999996,-0.24998639307679738,367.46
2592,region_129,2021-01,918.66,643.06,2.3333091436865017,275.6
2593,region_129,2021-02,734.93,-183.73000000000002,-0.19999782291598633,918.66
2594,region_129,2021-03,918.66,183.73000000000002,0.24999659831548593,734.93
2595,region_129,2021-04,1194.26,275.6,0.3000021770840138,918.66
2596,region_129,2021-05,1010.53,-183.73000000000002,-0.15384422152630084,1194.26
2597,region_129,2021-06,2020.95,1010.4200000000001,0.999891146230196,1010.53
2598,region_129,2021-07,1102.39,-918.56,-0.4545189143719538,2020.95
2599,region_129,2021-08,1186.99,84.59999999999991,0.07674235071072832,1102.39
2600,region_130,2020-01,0.0,0.0,0.0,0.0
2601,region_130,2020-02,0.0,0.0,0.0,0.0
2602,region_130,2020-03,0.0,0.0,0.0,0.0
2603,region_130,2020-04,0.0,0.0,0.0,0.0
2604,region_130,2020-05,0.0,0.0,0.0,0.0
2605,region_130,2020-06,0.0,0.0,0.0,0.0
2606,region_130,2020-07,0.0,0.0,0.0,0.0
2607,region_130,2020-08,0.0,0.0,0.0,0.0
2608,region_130,2020-09,275.6,275.6,100.0,0.0
2609,region_130,2020-10,551.2,275.6,1.0,275.6
2610,region_130,2020-11,1377.99,826.79,1.4999818577648765,551.2
2611,region_130,2020-12,1194.26,-183.73000000000002,-0.13333188194399093,1377.99
2612,region_130,2021-01,1102.39,-91.86999999999989,-0.0769262974561652,1194.26
2613,region_130,2021-02,2388.52,1286.1299999999999,1.1666742259998726,1102.39
2614,region_130,2021-03,918.66,-1469.8600000000001,-0.615385259491233,2388.52
2615,region_130,2021-04,1377.99,459.33000000000004,0.5,918.66
2616,region_130,2021-05,1377.99,0.0,0.0,1377.99
2617,region_130,2021-06,2572.25,1194.26,0.8666681180560092,1377.99
2618,region_130,2021-07,3000.93,428.67999999999984,0.1666556516668285,2572.25
2619,region_130,2021-08,3507.84,506.9100000000003,0.1689176355329849,3000.93
2620,region_131,2020-01,0.0,0.0,0.0,0.0
2621,region_131,2020-02,0.0,0.0,0.0,0.0
2622,region_131,2020-03,0.0,0.0,0.0,0.0
2623,region_131,2020-04,0.0,0.0,0.0,0.0
2624,region_131,2020-05,0.0,0.0,0.0,0.0
2625,region_131,2020-06,0.0,0.0,0.0,0.0
2626,region_131,2020-07,0.0,0.0,0.0,0.0
2627,region_131,2020-08,91.87,91.87,100.0,0.0
2628,region_131,2020-09,826.79,734.92,7.999564602155219,91.87
2629,region_131,2020-10,2204.78,1377.9900000000002,1.666674729979802,826.79
2630,region_131,2020-11,2939.71,734.9299999999998,0.33333484519997447,2204.78
2631,region_131,2020-12,6798.08,3858.37,1.3125002126060052,2939.71
2632,region_131,2021-01,4960.76,-1837.3199999999997,-0.27027042929768397,6798.08
2633,region_131,2021-02,2480.38,-2480.38,-0.5,4960.76
2634,region_131,2021-03,6614.35,4133.97,1.666668010546771,2480.38
2635,region_131,2021-04,7471.77,857.4200000000001,0.12963027357185508,6614.35
2636,region_131,2021-05,8666.0,1194.2299999999996,0.15983227535108813,7471.77
2637,region_131,2021-06,11422.01,2756.01,0.3180256173551812,8666.0
2638,region_131,2021-07,7931.1,-3490.91,-0.3056300948782219,11422.01
2639,region_131,2021-08,12346.5,4415.4,0.5567197488368574,7931.1
2640,region_132,2020-01,0.0,0.0,0.0,0.0
2641,region_132,2020-02,0.0,0.0,0.0,0.0
2642,region_132,2020-03,0.0,0.0,0.0,0.0
2643,region_132,2020-04,0.0,0.0,0.0,0.0
2644,region_132,2020-05,0.0,0.0,0.0,0.0
2645,region_132,2020-06,0.0,0.0,0.0,0.0
2646,region_132,2020-07,0.0,0.0,0.0,0.0
2647,region_132,2020-08,1102.39,1102.39,100.0,0.0
2648,region_132,2020-09,3062.2,1959.8099999999997,1.7777828173332484,1102.39
2649,region_132,2020-10,7410.52,4348.320000000001,1.419998693749592,3062.2
2650,region_132,2020-11,5818.18,-1592.3400000000001,-0.2148756092689852,7410.52
2651,region_132,2020-12,7563.63,1745.4499999999998,0.29999931249978506,5818.18
2652,region_132,2021-01,6981.82,-581.8100000000004,-0.07692205991038703,7563.63
2653,region_132,2021-02,8451.67,1469.8500000000004,0.21052533580069377,6981.82
2654,region_132,2021-03,8237.32,-214.35000000000036,-0.02536185156306392,8451.67
2655,region_132,2021-04,6063.16,-2174.16,-0.26394021356460595,8237.32
2656,region_132,2021-05,7196.17,1133.0100000000002,0.18686790386531116,6063.16
2657,region_132,2021-06,6736.84,-459.3299999999999,-0.06382978723404253,7196.17
2658,region_132,2021-07,6154.92,-581.9200000000001,-0.08637877699336782,6736.84
2659,region_132,2021-08,5109.85,-1045.0699999999997,-0.16979424590408965,6154.92
2660,region_133,2020-01,0.0,0.0,0.0,0.0
2661,region_133,2020-02,0.0,0.0,0.0,0.0
2662,region_133,2020-03,0.0,0.0,0.0,0.0
2663,region_133,2020-04,0.0,0.0,0.0,0.0
2664,region_133,2020-05,0.0,0.0,0.0,0.0
2665,region_133,2020-06,0.0,0.0,0.0,0.0
2666,region_133,2020-07,0.0,0.0,0.0,0.0
2667,region_133,2020-08,0.0,0.0,0.0,0.0
2668,region_133,2020-09,489.95,489.95,100.0,0.0
2669,region_133,2020-10,581.82,91.87000000000006,0.18750892948260045,489.95
2670,region_133,2020-11,1194.26,612.4399999999999,1.052627960537623,581.82
2671,region_133,2020-12,3215.31,2021.05,1.6923031835613687,1194.26
2672,region_133,2021-01,2572.25,-643.06,-0.1999993779759961,3215.31
2673,region_133,2021-02,2204.78,-367.4699999999998,-0.14285936436971514,2572.25
2674,region_133,2021-03,2664.11,459.3299999999999,0.20833371129999367,2204.78
2675,region_133,2021-04,2847.85,183.73999999999978,0.06896862366794165,2664.11
2676,region_133,2021-05,2480.38,-367.4699999999998,-0.12903418368242703,2847.85
2677,region_133,2021-06,4042.1,1561.7199999999998,0.6296293309896064,2480.38
2678,region_133,2021-07,3399.04,-643.06,-0.15909057173251528,4042.1
2679,region_133,2021-08,2513.49,-885.5500000000002,-0.2605294436076069,3399.04
2680,region_134,2020-01,0.0,0.0,0.0,0.0
2681,region_134,2020-02,0.0,0.0,0.0,0.0
2682,region_134,2020-03,0.0,0.0,0.0,0.0
2683,region_134,2020-04,0.0,0.0,0.0,0.0
2684,region_134,2020-05,0.0,0.0,0.0,0.0
2685,region_134,2020-06,0.0,0.0,0.0,0.0
2686,region_134,2020-07,0.0,0.0,0.0,0.0
2687,region_134,2020-08,91.87,91.87,100.0,0.0
2688,region_134,2020-09,91.87,0.0,0.0,91.87
2689,region_134,2020-10,918.66,826.79,8.99956460215522,91.87
2690,region_134,2020-11,1653.59,734.93,0.8000021770840136,918.66
2691,region_134,2020-12,3276.55,1622.9600000000003,0.981476665920815,1653.59
2692,region_134,2021-01,4440.19,1163.6399999999994,0.3551418412659655,3276.55
2693,region_134,2021-02,6522.49,2082.3,0.46896641810372985,4440.19
2694,region_134,2021-03,8145.45,1622.96,0.24882521858983297,6522.49
2695,region_134,2021-04,10595.21,2449.7599999999993,0.3007519535446168,8145.45
2696,region_134,2021-05,7196.17,-3399.039999999999,-0.32080912034777975,10595.21
2697,region_134,2021-06,8114.83,918.6599999999999,0.12765957446808507,7196.17
2698,region_134,2021-07,10013.25,1898.42,0.2339445188623792,8114.83
2699,region_134,2021-08,8792.39,-1220.8600000000006,-0.12192445010361275,10013.25
2700,region_135,2020-01,0.0,0.0,0.0,0.0
2701,region_135,2020-02,0.0,0.0,0.0,0.0
2702,region_135,2020-03,0.0,0.0,0.0,0.0
2703,region_135,2020-04,0.0,0.0,0.0,0.0
2704,region_135,2020-05,0.0,0.0,0.0,0.0
2705,region_135,2020-06,0.0,0.0,0.0,0.0
2706,region_135,2020-07,0.0,0.0,0.0,0.0
2707,region_135,2020-08,0.0,0.0,0.0,0.0
2708,region_135,2020-09,336.84,336.84,100.0,0.0
2709,region_135,2020-10,673.68,336.84,1.0,336.84
2710,region_135,2020-11,1745.45,1071.77,1.5909185369908565,673.68
2711,region_135,2020-12,2572.25,826.8,0.4736887335644102,1745.45
2712,region_135,2021-01,1286.12,-1286.13,-0.5000019438235008,2572.25
2713,region_135,2021-02,2051.67,765.5500000000002,0.5952399465057694,1286.12
2714,region_135,2021-03,2021.05,-30.62000000000012,-0.014924427417664643,2051.67
2715,region_135,2021-04,2664.11,643.0600000000002,0.31818114346503057,2021.05
2716,region_135,2021-05,2112.92,-551.19,-0.20689461020753652,2664.11
2717,region_135,2021-06,1194.26,-918.6600000000001,-0.43478219714896926,2112.92
2718,region_135,2021-07,4042.1,2847.84,2.384606367122737,1194.26
2719,region_135,2021-08,1242.94,-2799.16,-0.6925014225278938,4042.1
2720,region_136,2020-01,0.0,0.0,0.0,0.0
2721,region_136,2020-02,0.0,0.0,0.0,0.0
2722,region_136,2020-03,0.0,0.0,0.0,0.0
2723,region_136,2020-04,0.0,0.0,0.0,0.0
2724,region_136,2020-05,0.0,0.0,0.0,0.0
2725,region_136,2020-06,0.0,0.0,0.0,0.0
2726,region_136,2020-07,0.0,0.0,0.0,0.0
2727,region_136,2020-08,0.0,0.0,0.0,0.0
2728,region_136,2020-09,0.0,0.0,0.0,0.0
2729,region_136,2020-10,888.04,888.04,100.0,0.0
2730,region_136,2020-11,1561.72,673.6800000000001,0.7586144768253684,888.04
2731,region_136,2020-12,2970.33,1408.61,0.9019606587608533,1561.72
2732,region_136,2021-01,459.33,-2511.0,-0.8453606164971569,2970.33
2733,region_136,2021-02,1377.99,918.6600000000001,2.0,459.33
2734,region_136,2021-03,2112.92,734.9300000000001,0.5333347847226759,1377.99
2735,region_136,2021-04,2755.98,643.06,0.30434659144690746,2112.92
2736,region_136,2021-05,1377.99,-1377.99,-0.5,2755.98
2737,region_136,2021-06,275.6,-1102.3899999999999,-0.7999985486106576,1377.99
2738,region_136,2021-07,2755.98,2480.38,8.999927431059506,275.6
2739,region_136,2021-08,1519.14,-1236.84,-0.4487840985783641,2755.98
2740,region_137,2020-01,0.0,0.0,0.0,0.0
2741,region_137,2020-02,0.0,0.0,0.0,0.0
2742,region_137,2020-03,0.0,0.0,0.0,0.0
2743,region_137,2020-04,0.0,0.0,0.0,0.0
2744,region_137,2020-05,0.0,0.0,0.0,0.0
2745,region_137,2020-06,0.0,0.0,0.0,0.0
2746,region_137,2020-07,0.0,0.0,0.0,0.0
2747,region_137,2020-08,0.0,0.0,0.0,0.0
2748,region_137,2020-09,0.0,0.0,0.0,0.0
2749,region_137,2020-10,826.79,826.79,100.0,0.0
2750,region_137,2020-11,1745.45,918.6600000000001,1.1111164866532013,826.79
2751,region_137,2020-12,2388.52,643.0699999999999,0.3684264802772923,1745.45
2752,region_137,2021-01,2296.65,-91.86999999999989,-0.03846314872808265,2388.52
2753,region_137,2021-02,2327.27,30.61999999999989,0.013332462499727749,2296.65
2754,region_137,2021-03,5052.63,2725.36,1.171054497329489,2327.27
2755,region_137,2021-04,3276.55,-1776.08,-0.3515159431820656,5052.63
2756,region_137,2021-05,4868.9,1592.3499999999995,0.48598373288977714,3276.55
2757,region_137,2021-06,4501.41,-367.4899999999998,-0.07547700712686645,4868.9
2758,region_137,2021-07,6155.02,1653.6100000000006,0.3673537847030155,4501.41
2759,region_137,2021-08,3700.48,-2454.5400000000004,-0.3987866814405152,6155.02
2760,region_138,2020-01,0.0,0.0,0.0,0.0
2761,region_138,2020-02,0.0,0.0,0.0,0.0
2762,region_138,2020-03,0.0,0.0,0.0,0.0
2763,region_138,2020-04,0.0,0.0,0.0,0.0
2764,region_138,2020-05,0.0,0.0,0.0,0.0
2765,region_138,2020-06,0.0,0.0,0.0,0.0
2766,region_138,2020-07,0.0,0.0,0.0,0.0
2767,region_138,2020-08,0.0,0.0,0.0,0.0
2768,region_138,2020-09,0.0,0.0,0.0,0.0
2769,region_138,2020-10,0.0,0.0,0.0,0.0
2770,region_138,2020-11,551.2,551.2,100.0,0.0
2771,region_138,2020-12,0.0,-551.2,-1.0,551.2
2772,region_138,2021-01,275.6,275.6,100.0,0.0
2773,region_138,2021-02,275.6,0.0,0.0,275.6
2774,region_138,2021-03,643.06,367.4599999999999,1.3333091436865017,275.6
2775,region_138,2021-04,551.2,-91.8599999999999,-0.14284825677230728,643.06
2776,region_138,2021-05,551.2,0.0,0.0,551.2
2777,region_138,2021-06,367.46,-183.74000000000007,-0.33334542815674906,551.2
2778,region_138,2021-07,1194.26,826.8,2.2500408207696077,367.46
2779,region_138,2021-08,441.93,-752.3299999999999,-0.6299549511831595,1194.26
2780,region_139,2020-01,0.0,0.0,0.0,0.0
2781,region_139,2020-02,0.0,0.0,0.0,0.0
2782,region_139,2020-03,0.0,0.0,0.0,0.0
2783,region_139,2020-04,0.0,0.0,0.0,0.0
2784,region_139,2020-05,0.0,0.0,0.0,0.0
2785,region_139,2020-06,0.0,0.0,0.0,0.0
2786,region_139,2020-07,0.0,0.0,0.0,0.0
2787,region_139,2020-08,0.0,0.0,0.0,0.0
2788,region_139,2020-09,0.0,0.0,0.0,0.0
2789,region_139,2020-10,0.0,0.0,0.0,0.0
2790,region_139,2020-11,0.0,0.0,0.0,0.0
2791,region_139,2020-12,0.0,0.0,0.0,0.0
2792,region_139,2021-01,0.0,0.0,0.0,0.0
2793,region_139,2021-02,91.87,91.87,100.0,0.0
2794,region_139,2021-03,551.2,459.33000000000004,4.99978230107761,91.87
2795,region_139,2021-04,0.0,-551.2,-1.0,551.2
2796,region_139,2021-05,0.0,0.0,0.0,0.0
2797,region_139,2021-06,0.0,0.0,0.0,0.0
2798,region_139,2021-07,183.73,183.73,100.0,0.0
2799,region_139,2021-08,1242.94,1059.21,5.765035650138791,183.73
2800,region_140,2020-01,0.0,0.0,0.0,0.0
2801,region_140,2020-02,0.0,0.0,0.0,0.0
2802,region_140,2020-03,0.0,0.0,0.0,0.0
2803,region_140,2020-04,0.0,0.0,0.0,0.0
2804,region_140,2020-05,0.0,0.0,0.0,0.0
2805,region_140,2020-06,0.0,0.0,0.0,0.0
2806,region_140,2020-07,0.0,0.0,0.0,0.0
2807,region_140,2020-08,0.0,0.0,0.0,0.0
2808,region_140,2020-09,1561.72,1561.72,100.0,0.0
2809,region_140,2020-10,2051.67,489.95000000000005,0.31372461132597396,1561.72
2810,region_140,2020-11,1837.32,-214.35000000000014,-0.10447586600184244,2051.67
2811,region_140,2020-12,3031.58,1194.26,0.6500010885420069,1837.32
2812,region_140,2021-01,3123.44,91.86000000000013,0.030301031145475443,3031.58
2813,region_140,2021-02,2419.14,-704.3000000000002,-0.2254885638910945,3123.44
2814,region_140,2021-03,4685.17,2266.03,0.9367089130848154,2419.14
2815,region_140,2021-04,3215.31,-1469.8600000000001,-0.3137260761082309,4685.17
2816,region_140,2021-05,4960.74,1745.4299999999998,0.5428496785690959,3215.31
2817,region_140,2021-06,7532.99,2572.25,0.5185214302704839,4960.74
2818,region_140,2021-07,9553.87,2020.880000000001,0.2682706335731231,7532.99
2819,region_140,2021-08,4998.66,-4555.210000000001,-0.4767921271694089,9553.87
2820,region_141,2020-01,0.0,0.0,0.0,0.0
2821,region_141,2020-02,0.0,0.0,0.0,0.0
2822,region_141,2020-03,0.0,0.0,0.0,0.0
2823,region_141,2020-04,0.0,0.0,0.0,0.0
2824,region_141,2020-05,0.0,0.0,0.0,0.0
2825,region_141,2020-06,0.0,0.0,0.0,0.0
2826,region_141,2020-07,0.0,0.0,0.0,0.0
2827,region_141,2020-08,0.0,0.0,0.0,0.0
2828,region_141,2020-09,0.0,0.0,0.0,0.0
2829,region_141,2020-10,0.0,0.0,0.0,0.0
2830,region_141,2020-11,0.0,0.0,0.0,0.0
2831,region_141,2020-12,183.73,183.73,100.0,0.0
2832,region_141,2021-01,0.0,-183.73,-1.0,183.73
2833,region_141,2021-02,0.0,0.0,0.0,0.0
2834,region_141,2021-03,0.0,0.0,0.0,0.0
2835,region_141,2021-04,91.87,91.87,100.0,0.0
2836,region_141,2021-05,91.87,0.0,0.0,91.87
2837,region_141,2021-06,0.0,-91.87,-1.0,91.87
2838,region_141,2021-07,918.66,918.66,100.0,0.0
2839,region_141,2021-08,358.36,-560.3,-0.6099100864302354,918.66
2840,region_142,2020-01,0.0,0.0,0.0,0.0
2841,region_142,2020-02,0.0,0.0,0.0,0.0
2842,region_142,2020-03,0.0,0.0,0.0,0.0
2843,region_142,2020-04,0.0,0.0,0.0,0.0
2844,region_142,2020-05,0.0,0.0,0.0,0.0
2845,region_142,2020-06,0.0,0.0,0.0,0.0
2846,region_142,2020-07,0.0,0.0,0.0,0.0
2847,region_142,2020-08,734.93,734.93,100.0,0.0
2848,region_142,2020-09,2296.65,1561.7200000000003,2.124991495788715,734.93
2849,region_142,2020-10,1806.7,-489.95000000000005,-0.21333246249972793,2296.65
2850,region_142,2020-11,4378.95,2572.25,1.4237283444954887,1806.7
2851,region_142,2020-12,3644.02,-734.9299999999998,-0.1678324712545245,4378.95
2852,region_142,2021-01,4562.68,918.6600000000003,0.2521007019719981,3644.02
2853,region_142,2021-02,6461.24,1898.5599999999995,0.4161063234765532,4562.68
2854,region_142,2021-03,6981.82,520.5799999999999,0.08056967393255787,6461.24
2855,region_142,2021-04,4348.32,-2633.5,-0.3771939121890854,6981.82
2856,region_142,2021-05,6553.11,2204.79,0.5070440997902639,4348.32
2857,region_142,2021-06,5083.25,-1469.8599999999997,-0.2242996073620006,6553.11
2858,region_142,2021-07,7747.37,2664.12,0.5240977720946245,5083.25
2859,region_142,2021-08,7789.07,41.69999999999982,0.0053824717291157675,7747.37
2860,region_143,2020-01,0.0,0.0,0.0,0.0
2861,region_143,2020-02,0.0,0.0,0.0,0.0
2862,region_143,2020-03,0.0,0.0,0.0,0.0
2863,region_143,2020-04,0.0,0.0,0.0,0.0
2864,region_143,2020-05,0.0,0.0,0.0,0.0
2865,region_143,2020-06,0.0,0.0,0.0,0.0
2866,region_143,2020-07,0.0,0.0,0.0,0.0
2867,region_143,2020-08,0.0,0.0,0.0,0.0
2868,region_143,2020-09,0.0,0.0,0.0,0.0
2869,region_143,2020-10,0.0,0.0,0.0,0.0
2870,region_143,2020-11,734.93,734.93,100.0,0.0
2871,region_143,2020-12,398.09,-336.84,-0.4583293647014002,734.93
2872,region_143,2021-01,551.2,153.11000000000007,0.38461152000803867,398.09
2873,region_143,2021-02,643.06,91.8599999999999,0.16665457184325083,551.2
2874,region_143,2021-03,551.2,-91.8599999999999,-0.14284825677230728,643.06
2875,region_143,2021-04,1010.53,459.3299999999999,0.8333272859216254,551.2
2876,region_143,2021-05,826.79,-183.74,-0.18182537876163996,1010.53
2877,region_143,2021-06,2694.59,1867.8000000000002,2.2590984409584056,826.79
2878,region_143,2021-07,1929.19,-765.4000000000001,-0.28405063479045056,2694.59
2879,region_143,2021-08,1086.19,-843.0,-0.43697095672276964,1929.19
2880,region_144,2020-01,0.0,0.0,0.0,0.0
2881,region_144,2020-02,0.0,0.0,0.0,0.0
2882,region_144,2020-03,0.0,0.0,0.0,0.0
2883,region_144,2020-04,0.0,0.0,0.0,0.0
2884,region_144,2020-05,0.0,0.0,0.0,0.0
2885,region_144,2020-06,0.0,0.0,0.0,0.0
2886,region_144,2020-07,0.0,0.0,0.0,0.0
2887,region_144,2020-08,0.0,0.0,0.0,0.0
2888,region_144,2020-09,398.09,398.09,100.0,0.0
2889,region_144,2020-10,1837.32,1439.23,3.6153382400964604,398.09
2890,region_144,2020-11,1286.12,-551.2,-0.30000217708401367,1837.32
2891,region_144,2020-12,826.79,-459.3299999999999,-0.3571439679034616,1286.12
2892,region_144,2021-01,551.2,-275.5899999999999,-0.3333252700201985,826.79
2893,region_144,2021-02,2235.41,1684.2099999999998,3.0555333817126265,551.2
2894,region_144,2021-03,1653.59,-581.8199999999999,-0.2602744015639189,2235.41
2895,region_144,2021-04,1102.39,-551.1999999999998,-0.3333353491494263,1653.59
2896,region_144,2021-05,3245.93,2143.54,1.9444479721332737,1102.39
2897,region_144,2021-06,3797.13,551.2000000000003,0.16981265769748588,3245.93
2898,region_144,2021-07,2296.65,-1500.48,-0.3951616088993529,3797.13
2899,region_144,2021-08,1933.46,-363.19000000000005,-0.15813902858511308,2296.65
2900,region_145,2020-01,0.0,0.0,0.0,0.0
2901,region_145,2020-02,0.0,0.0,0.0,0.0
2902,region_145,2020-03,0.0,0.0,0.0,0.0
2903,region_145,2020-04,0.0,0.0,0.0,0.0
2904,region_145,2020-05,0.0,0.0,0.0,0.0
2905,region_145,2020-06,0.0,0.0,0.0,0.0
2906,region_145,2020-07,0.0,0.0,0.0,0.0
2907,region_145,2020-08,398.09,398.09,100.0,0.0
2908,region_145,2020-09,398.09,0.0,0.0,398.09
2909,region_145,2020-10,826.79,428.7,1.076892160064307,398.09
2910,region_145,2020-11,1133.01,306.22,0.3703721622177336,826.79
2911,region_145,2020-12,1041.15,-91.8599999999999,-0.08107607170280928,1133.01
2912,region_145,2021-01,1010.53,-30.62000000000012,-0.029409787254478292,1041.15
2913,region_145,2021-02,1347.37,336.8399999999999,0.33333003473424827,1010.53
2914,region_145,2021-03,2572.25,1224.88,0.9090895596606725,1347.37
2915,region_145,2021-04,1929.19,-643.06,-0.2499990280882496,2572.25
2916,region_145,2021-05,2847.82,918.6300000000001,0.47617393828497967,1929.19
2917,region_145,2021-06,2204.76,-643.06,-0.22580781088692403,2847.82
2918,region_145,2021-07,1776.08,-428.6800000000003,-0.19443386128195372,2204.76
2919,region_145,2021-08,1822.97,46.8900000000001,0.026400837800099053,1776.08
2920,region_146,2020-01,0.0,0.0,0.0,0.0
2921,region_146,2020-02,0.0,0.0,0.0,0.0
2922,region_146,2020-03,0.0,0.0,0.0,0.0
2923,region_146,2020-04,0.0,0.0,0.0,0.0
2924,region_146,2020-05,0.0,0.0,0.0,0.0
2925,region_146,2020-06,0.0,0.0,0.0,0.0
2926,region_146,2020-07,0.0,0.0,0.0,0.0
2927,region_146,2020-08,0.0,0.0,0.0,0.0
2928,region_146,2020-09,1684.21,1684.21,100.0,0.0
2929,region_146,2020-10,734.93,-949.2800000000001,-0.5636351761359926,1684.21
2930,region_146,2020-11,643.06,-91.87,-0.12500510252677122,734.93
2931,region_146,2020-12,1102.39,459.33000000000015,0.7142879358069234,643.06
2932,region_146,2021-01,1102.39,0.0,0.0,1102.39
2933,region_146,2021-02,459.33,-643.0600000000002,-0.5833325774000128,1102.39
2934,region_146,2021-03,1561.72,1102.39,2.399995645831973,459.33
2935,region_146,2021-04,551.2,-1010.52,-0.647055810260482,1561.72
2936,region_146,2021-05,1469.86,918.6599999999999,1.6666545718432508,551.2
2937,region_146,2021-06,1439.21,-30.649999999999864,-0.020852326071870708,1469.86
2938,region_146,2021-07,1929.19,489.98,0.34045066390589285,1439.21
2939,region_146,2021-08,920.47,-1008.72,-0.5228722935532529,1929.19
2940,region_147,2020-01,0.0,0.0,0.0,0.0
2941,region_147,2020-02,0.0,0.0,0.0,0.0
2942,region_147,2020-03,0.0,0.0,0.0,0.0
2943,region_147,2020-04,0.0,0.0,0.0,0.0
2944,region_147,2020-05,0.0,0.0,0.0,0.0
2945,region_147,2020-06,0.0,0.0,0.0,0.0
2946,region_147,2020-07,0.0,0.0,0.0,0.0
2947,region_147,2020-08,0.0,0.0,0.0,0.0
2948,region_147,2020-09,275.6,275.6,100.0,0.0
2949,region_147,2020-10,0.0,-275.6,-1.0,275.6
2950,region_147,2020-11,2847.85,2847.85,100.0,0.0
2951,region_147,2020-12,2388.52,-459.3299999999999,-0.16129009603736155,2847.85
2952,region_147,2021-01,1194.26,-1194.26,-0.5,2388.52
2953,region_147,2021-02,826.79,-367.47,-0.30769681643863145,1194.26
2954,region_147,2021-03,1837.32,1010.53,1.2222329733064017,826.79
2955,region_147,2021-04,2664.11,826.7900000000002,0.44999782291598645,1837.32
2956,region_147,2021-05,551.2,-2112.91,-0.7931016361937007,2664.11
2957,region_147,2021-06,1010.53,459.3299999999999,0.8333272859216254,551.2
2958,region_147,2021-07,2296.65,1286.1200000000001,1.2727182765479501,1010.53
2959,region_147,2021-08,2208.25,-88.40000000000009,-0.03849084536172254,2296.65
2960,region_148,2020-01,0.0,0.0,0.0,0.0
2961,region_148,2020-02,0.0,0.0,0.0,0.0
2962,region_148,2020-03,0.0,0.0,0.0,0.0
2963,region_148,2020-04,0.0,0.0,0.0,0.0
2964,region_148,2020-05,0.0,0.0,0.0,0.0
2965,region_148,2020-06,0.0,0.0,0.0,0.0
2966,region_148,2020-07,0.0,0.0,0.0,0.0
2967,region_148,2020-08,0.0,0.0,0.0,0.0
2968,region_148,2020-09,3980.86,3980.86,100.0,0.0
2969,region_148,2020-10,5328.23,1347.3699999999994,0.33846204086554144,3980.86
2970,region_148,2020-11,8819.14,3490.91,0.6551725432273006,5328.23
2971,region_148,2020-12,8482.29,-336.84999999999854,-0.03819533423893928,8819.14
2972,region_148,2021-01,8635.4,153.10999999999876,0.018050550028352985,8482.29
2973,region_148,2021-02,9554.06,918.6599999999999,0.10638302800101895,8635.4
2974,region_148,2021-03,9400.95,-153.10999999999876,-0.016025647735098847,9554.06
2975,region_148,2021-04,8206.7,-1194.25,-0.1270350336934033,9400.95
2976,region_148,2021-05,7686.12,-520.5800000000008,-0.06343353601325752,8206.7
2977,region_148,2021-06,8727.17,1041.0500000000002,0.1354454523218478,7686.12
2978,region_148,2021-07,12554.92,3827.75,0.4386015168720214,8727.17
2979,region_148,2021-08,7291.89,-5263.03,-0.4192006002427733,12554.92
2980,region_149,2020-01,0.0,0.0,0.0,0.0
2981,region_149,2020-02,0.0,0.0,0.0,0.0
2982,region_149,2020-03,0.0,0.0,0.0,0.0
2983,region_149,2020-04,0.0,0.0,0.0,0.0
2984,region_149,2020-05,0.0,0.0,0.0,0.0
2985,region_149,2020-06,0.0,0.0,0.0,0.0
2986,region_149,2020-07,0.0,0.0,0.0,0.0
2987,region_149,2020-08,0.0,0.0,0.0,0.0
2988,region_149,2020-09,1194.26,1194.26,100.0,0.0
2989,region_149,2020-10,949.28,-244.98000000000002,-0.2051312109590877,1194.26
2990,region_149,2020-11,734.93,-214.35000000000002,-0.22580271363559756,949.28
2991,region_149,2020-12,581.82,-153.1099999999999,-0.20833276638591414,734.93
2992,region_149,2021-01,1500.48,918.66,1.578941940806435,581.82
2993,region_149,2021-02,1286.12,-214.36000000000013,-0.1428609511622948,1500.48
2994,region_149,2021-03,1133.01,-153.1099999999999,-0.11904798930115379,1286.12
2995,region_149,2021-04,918.66,-214.35000000000002,-0.1891863266873196,1133.01
2996,region_149,2021-05,1745.45,826.7900000000001,0.8999956458319727,918.66
2997,region_149,2021-06,2112.92,367.47,0.2105302357558223,1745.45
2998,region_149,2021-07,3154.07,1041.15,0.4927541033262026,2112.92
2999,region_149,2021-08,2762.08,-391.99000000000024,-0.12428069129727626,3154.07
3000,region_150,2020-01,0.0,0.0,0.0,0.0
3001,region_150,2020-02,0.0,0.0,0.0,0.0
3002,region_150,2020-03,0.0,0.0,0.0,0.0
3003,region_150,2020-04,0.0,0.0,0.0,0.0
3004,region_150,2020-05,0.0,0.0,0.0,0.0
3005,region_150,2020-06,0.0,0.0,0.0,0.0
3006,region_150,2020-07,0.0,0.0,0.0,0.0
3007,region_150,2020-08,0.0,0.0,0.0,0.0
3008,region_150,2020-09,2204.78,2204.78,100.0,0.0
3009,region_150,2020-10,1286.12,-918.6600000000003,-0.41666742259998746,2204.78
3010,region_150,2020-11,1929.19,643.0700000000002,0.5000077753242311,1286.12
3011,region_150,2020-12,1592.34,-336.85000000000014,-0.1746069593974674,1929.19
3012,region_150,2021-01,3582.77,1990.43,1.2500031400329075,1592.34
3013,region_150,2021-02,4409.57,826.7999999999997,0.2307711630944771,3582.77
3014,region_150,2021-03,5542.58,1133.0100000000002,0.2569434207870609,4409.57
3015,region_150,2021-04,6828.71,1286.13,0.23204536515485574,5542.58
3016,region_150,2021-05,6491.86,-336.85000000000036,-0.04932849689033514,6828.71
3017,region_150,2021-06,5726.31,-765.5499999999993,-0.11792460096181978,6491.86
3018,region_150,2021-07,8543.54,2817.2300000000005,0.4919800010827218,5726.31
3019,region_150,2021-08,5634.64,-2908.9000000000005,-0.34047947337988704,8543.54
