,region,month,sales,delta_sales,rel_delta_sales,prevSales
0,region_0,2020-01,0.0,0.0,0.0,0.0
1,region_0,2020-02,0.0,0.0,0.0,0.0
2,region_0,2020-03,0.0,0.0,0.0,0.0
3,region_0,2020-04,0.0,0.0,0.0,0.0
4,region_0,2020-05,0.0,0.0,0.0,0.0
5,region_0,2020-06,0.0,0.0,0.0,0.0
6,region_0,2020-07,0.0,0.0,0.0,0.0
7,region_0,2020-08,253.22,253.22,100.0,0.0
8,region_0,2020-09,56.27,-196.95,-0.7777821657057105,253.22
9,region_0,2020-10,480.06,423.79,7.531366625199928,56.27
10,region_0,2020-11,280.56,-199.5,-0.41557305336832895,480.06
11,region_0,2020-12,974.16,693.5999999999999,2.4721984602224123,280.56
12,region_0,2021-01,511.84,-462.32,-0.47458323068079167,974.16
13,region_0,2021-02,551.59,39.75000000000006,0.07766098780869024,511.84
14,region_0,2021-03,614.36,62.76999999999998,0.11379829220979354,551.59
15,region_0,2021-04,526.66,-87.70000000000005,-0.14275017904811516,614.36
16,region_0,2021-05,934.17,407.51,0.7737629590247979,526.66
17,region_0,2021-06,700.95,-233.2199999999999,-0.24965477375638256,934.17
18,region_0,2021-07,1257.01,556.06,0.7932948141807545,700.95
19,region_0,2021-08,678.76,-578.25,-0.46002020668093335,1257.01
20,region_1,2020-01,0.0,0.0,0.0,0.0
21,region_1,2020-02,0.0,0.0,0.0,0.0
22,region_1,2020-03,0.0,0.0,0.0,0.0
23,region_1,2020-04,0.0,0.0,0.0,0.0
24,region_1,2020-05,0.0,0.0,0.0,0.0
25,region_1,2020-06,0.0,0.0,0.0,0.0
26,region_1,2020-07,143.74,143.74,100.0,0.0
27,region_1,2020-08,70.35,-73.39000000000001,-0.5105746486712119,143.74
28,region_1,2020-09,167.46,97.11000000000001,1.3803837953091689,70.35
29,region_1,2020-10,1068.11,900.6499999999999,5.378299295354114,167.46
30,region_1,2020-11,387.86,-680.2499999999999,-0.636872606753986,1068.11
31,region_1,2020-12,353.63,-34.23000000000002,-0.0882534935285928,387.86
32,region_1,2021-01,681.06,327.42999999999995,0.9259112631846844,353.63
33,region_1,2021-02,193.93,-487.12999999999994,-0.7152526943294276,681.06
34,region_1,2021-03,370.76,176.82999999999998,0.9118238539679264,193.93
35,region_1,2021-04,842.73,471.97,1.2729798252238647,370.76
36,region_1,2021-05,538.5,-304.23,-0.36100530418995413,842.73
37,region_1,2021-06,426.71,-111.79000000000002,-0.20759517177344478,538.5
38,region_1,2021-07,739.2,312.49000000000007,0.7323240608375714,426.71
39,region_1,2021-08,436.74,-302.46000000000004,-0.409172077922078,739.2
40,region_2,2020-01,0.0,0.0,0.0,0.0
41,region_2,2020-02,0.0,0.0,0.0,0.0
42,region_2,2020-03,0.0,0.0,0.0,0.0
43,region_2,2020-04,0.0,0.0,0.0,0.0
44,region_2,2020-05,0.0,0.0,0.0,0.0
45,region_2,2020-06,0.0,0.0,0.0,0.0
46,region_2,2020-07,35.17,35.17,100.0,0.0
47,region_2,2020-08,9.49,-25.68,-0.7301677566107478,35.17
48,region_2,2020-09,92.81,83.32000000000001,8.779768177028451,9.49
49,region_2,2020-10,35.17,-57.64,-0.6210537657580002,92.81
50,region_2,2020-11,166.25,131.07999999999998,3.7270400909866357,35.17
51,region_2,2020-12,193.93,27.680000000000007,0.1664962406015038,166.25
52,region_2,2021-01,222.49,28.560000000000002,0.14726963337286647,193.93
53,region_2,2021-02,242.82,20.329999999999984,0.09137489325362935,222.49
54,region_2,2021-03,886.05,643.23,2.6489992587101554,242.82
55,region_2,2021-04,437.74,-448.30999999999995,-0.5059646746797584,886.05
56,region_2,2021-05,368.85,-68.88999999999999,-0.1573765248777813,437.74
57,region_2,2021-06,286.63,-82.22000000000003,-0.22290904161583303,368.85
58,region_2,2021-07,226.29,-60.34,-0.21051529846840877,286.63
59,region_2,2021-08,476.17,249.88000000000002,1.1042467630032262,226.29
60,region_3,2020-01,0.0,0.0,0.0,0.0
61,region_3,2020-02,0.0,0.0,0.0,0.0
62,region_3,2020-03,0.0,0.0,0.0,0.0
63,region_3,2020-04,0.0,0.0,0.0,0.0
64,region_3,2020-05,0.0,0.0,0.0,0.0
65,region_3,2020-06,0.0,0.0,0.0,0.0
66,region_3,2020-07,143.74,143.74,100.0,0.0
67,region_3,2020-08,48.56,-95.18,-0.6621678029775985,143.74
68,region_3,2020-09,0.0,-48.56,-1.0,48.56
69,region_3,2020-10,104.11,104.11,100.0,0.0
70,region_3,2020-11,193.93,89.82000000000001,0.8627413312842187,104.11
71,region_3,2020-12,90.18,-103.75,-0.5349868509255917,193.93
72,region_3,2021-01,202.78,112.6,1.2486138833444222,90.18
73,region_3,2021-02,267.01,64.22999999999999,0.3167472137291645,202.78
74,region_3,2021-03,133.5,-133.51,-0.5000187258904161,267.01
75,region_3,2021-04,174.52,41.02000000000001,0.3072659176029964,133.5
76,region_3,2021-05,256.66,82.14000000000001,0.47066238826495543,174.52
77,region_3,2021-06,408.25,151.58999999999997,0.5906257305384555,256.66
78,region_3,2021-07,412.57,4.319999999999993,0.010581751377832127,408.25
79,region_3,2021-08,735.33,322.76000000000005,0.7823157282400564,412.57
80,region_4,2020-01,0.0,0.0,0.0,0.0
81,region_4,2020-02,0.0,0.0,0.0,0.0
82,region_4,2020-03,0.0,0.0,0.0,0.0
83,region_4,2020-04,0.0,0.0,0.0,0.0
84,region_4,2020-05,0.0,0.0,0.0,0.0
85,region_4,2020-06,0.0,0.0,0.0,0.0
86,region_4,2020-07,1234.36,1234.36,100.0,0.0
87,region_4,2020-08,1159.92,-74.43999999999983,-0.06030655562396692,1234.36
88,region_4,2020-09,1902.44,742.52,0.6401475963859575,1159.92
89,region_4,2020-10,1768.83,-133.61000000000013,-0.07023086142007118,1902.44
90,region_4,2020-11,597.43,-1171.4,-0.6622456652137289,1768.83
91,region_4,2020-12,957.61,360.18000000000006,0.6028823460489097,597.43
92,region_4,2021-01,1888.06,930.4499999999999,0.9716377230814213,957.61
93,region_4,2021-02,1097.39,-790.6699999999998,-0.4187737677828034,1888.06
94,region_4,2021-03,1252.99,155.5999999999999,0.14179097677215924,1097.39
95,region_4,2021-04,1945.91,692.9200000000001,0.5530131924436748,1252.99
96,region_4,2021-05,1420.92,-524.99,-0.26979151142653046,1945.91
97,region_4,2021-06,1224.32,-196.60000000000014,-0.13836106184725394,1420.92
98,region_4,2021-07,3248.95,2024.6299999999999,1.653677143230528,1224.32
99,region_4,2021-08,1209.78,-2039.1699999999998,-0.6276396989796704,3248.95
100,region_5,2020-01,0.0,0.0,0.0,0.0
101,region_5,2020-02,0.0,0.0,0.0,0.0
102,region_5,2020-03,0.0,0.0,0.0,0.0
103,region_5,2020-04,0.0,0.0,0.0,0.0
104,region_5,2020-05,0.0,0.0,0.0,0.0
105,region_5,2020-06,0.0,0.0,0.0,0.0
106,region_5,2020-07,0.0,0.0,0.0,0.0
107,region_5,2020-08,290.52,290.52,100.0,0.0
108,region_5,2020-09,201.8,-88.71999999999997,-0.3053834503648629,290.52
109,region_5,2020-10,0.0,-201.8,-1.0,201.8
110,region_5,2020-11,174.52,174.52,100.0,0.0
111,region_5,2020-12,251.08,76.56,0.43868897547559027,174.52
112,region_5,2021-01,671.48,420.4,1.6743667357017684,251.08
113,region_5,2021-02,728.84,57.360000000000014,0.08542324417704172,671.48
114,region_5,2021-03,827.9,99.05999999999995,0.1359146040283188,728.84
115,region_5,2021-04,750.47,-77.42999999999995,-0.09352578813866408,827.9
116,region_5,2021-05,240.01,-510.46000000000004,-0.6801870827614696,750.47
117,region_5,2021-06,917.76,677.75,2.823840673305279,240.01
118,region_5,2021-07,1854.41,936.6500000000001,1.0205827231520224,917.76
119,region_5,2021-08,765.64,-1088.77,-0.5871247458760469,1854.41
120,region_6,2020-01,0.0,0.0,0.0,0.0
121,region_6,2020-02,0.0,0.0,0.0,0.0
122,region_6,2020-03,0.0,0.0,0.0,0.0
123,region_6,2020-04,0.0,0.0,0.0,0.0
124,region_6,2020-05,0.0,0.0,0.0,0.0
125,region_6,2020-06,0.0,0.0,0.0,0.0
126,region_6,2020-07,640.3,640.3,100.0,0.0
127,region_6,2020-08,537.42,-102.88,-0.1606746837419959,640.3
128,region_6,2020-09,1113.62,576.1999999999999,1.072159577239403,537.42
129,region_6,2020-10,1652.18,538.5600000000002,0.48361200409475424,1113.62
130,region_6,2020-11,1627.59,-24.590000000000146,-0.014883366219177185,1652.18
131,region_6,2020-12,867.71,-759.8799999999999,-0.46687433567421766,1627.59
132,region_6,2021-01,2509.77,1642.06,1.8924064491592811,867.71
133,region_6,2021-02,1481.74,-1028.03,-0.4096112392769058,2509.77
134,region_6,2021-03,901.67,-580.07,-0.3914789369255065,1481.74
135,region_6,2021-04,2568.72,1667.0499999999997,1.8488471391972672,901.67
136,region_6,2021-05,386.37,-2182.35,-0.8495865645146221,2568.72
137,region_6,2021-06,1250.71,864.34,2.237078448119678,386.37
138,region_6,2021-07,2037.85,787.1399999999999,0.6293545266288747,1250.71
139,region_6,2021-08,1172.05,-865.8,-0.42485953333169757,2037.85
140,region_7,2020-01,0.0,0.0,0.0,0.0
141,region_7,2020-02,0.0,0.0,0.0,0.0
142,region_7,2020-03,0.0,0.0,0.0,0.0
143,region_7,2020-04,0.0,0.0,0.0,0.0
144,region_7,2020-05,0.0,0.0,0.0,0.0
145,region_7,2020-06,0.0,0.0,0.0,0.0
146,region_7,2020-07,915.76,915.76,100.0,0.0
147,region_7,2020-08,1483.5,567.74,0.619965929937975,915.76
148,region_7,2020-09,895.78,-587.72,-0.3961712167172228,1483.5
149,region_7,2020-10,3030.57,2134.79,2.383163276697404,895.78
150,region_7,2020-11,2407.18,-623.3900000000003,-0.20570057777909778,3030.57
151,region_7,2020-12,1985.48,-421.6999999999998,-0.17518424048056225,2407.18
152,region_7,2021-01,3126.42,1140.94,0.5746419001954188,1985.48
153,region_7,2021-02,2126.18,-1000.2400000000002,-0.3199314231613156,3126.42
154,region_7,2021-03,1982.16,-144.01999999999975,-0.06773650396485709,2126.18
155,region_7,2021-04,2158.73,176.56999999999994,0.08907958994228515,1982.16
156,region_7,2021-05,3856.68,1697.9499999999998,0.7865504254816489,2158.73
157,region_7,2021-06,2780.26,-1076.4199999999996,-0.2791053444931909,3856.68
158,region_7,2021-07,3470.74,690.4799999999996,0.24835087365929787,2780.26
159,region_7,2021-08,1653.8,-1816.9399999999998,-0.523502192615984,3470.74
160,region_8,2020-01,0.0,0.0,0.0,0.0
161,region_8,2020-02,0.0,0.0,0.0,0.0
162,region_8,2020-03,0.0,0.0,0.0,0.0
163,region_8,2020-04,0.0,0.0,0.0,0.0
164,region_8,2020-05,0.0,0.0,0.0,0.0
165,region_8,2020-06,0.0,0.0,0.0,0.0
166,region_8,2020-07,140.69,140.69,100.0,0.0
167,region_8,2020-08,523.84,383.15000000000003,2.7233634231288653,140.69
168,region_8,2020-09,139.29,-384.55000000000007,-0.7340981979230299,523.84
169,region_8,2020-10,744.07,604.7800000000001,4.341876660205328,139.29
170,region_8,2020-11,404.99,-339.08000000000004,-0.45570981224884755,744.07
171,region_8,2020-12,308.31,-96.68,-0.23872194375169753,404.99
172,region_8,2021-01,1025.84,717.53,2.327300444357951,308.31
173,region_8,2021-02,702.67,-323.16999999999996,-0.3150296342509553,1025.84
174,region_8,2021-03,396.72,-305.94999999999993,-0.43541064795707796,702.67
175,region_8,2021-04,284.82,-111.90000000000003,-0.28206291591046584,396.72
176,region_8,2021-05,579.51,294.69,1.0346534653465347,284.82
177,region_8,2021-06,793.26,213.75,0.36884609411399283,579.51
178,region_8,2021-07,875.47,82.21000000000004,0.10363563018430288,793.26
179,region_8,2021-08,590.65,-284.82000000000005,-0.3253338206906006,875.47
180,region_9,2020-01,0.0,0.0,0.0,0.0
181,region_9,2020-02,0.0,0.0,0.0,0.0
182,region_9,2020-03,0.0,0.0,0.0,0.0
183,region_9,2020-04,0.0,0.0,0.0,0.0
184,region_9,2020-05,0.0,0.0,0.0,0.0
185,region_9,2020-06,0.0,0.0,0.0,0.0
186,region_9,2020-07,4345.14,4345.14,100.0,0.0
187,region_9,2020-08,4532.53,187.38999999999942,0.04312634345498645,4345.14
188,region_9,2020-09,5899.38,1366.8500000000004,0.3015644684094756,4532.53
189,region_9,2020-10,11356.94,5457.56,0.9251073841657937,5899.38
190,region_9,2020-11,8362.64,-2994.300000000001,-0.2636537658911644,11356.94
191,region_9,2020-12,3439.31,-4923.33,-0.5887291572996087,8362.64
192,region_9,2021-01,11098.29,7658.980000000001,2.2268943479942203,3439.31
193,region_9,2021-02,8497.82,-2600.470000000001,-0.23431267339382922,11098.29
194,region_9,2021-03,7526.47,-971.3499999999995,-0.11430578666057878,8497.82
195,region_9,2021-04,9908.83,2382.3599999999997,0.3165308570950258,7526.47
196,region_9,2021-05,9713.6,-195.22999999999956,-0.019702628867383942,9908.83
197,region_9,2021-06,8121.89,-1591.71,-0.16386406687530886,9713.6
198,region_9,2021-07,10335.16,2213.2699999999995,0.27250676874471336,8121.89
199,region_9,2021-08,6522.46,-3812.7,-0.3689057547246487,10335.16
200,region_10,2020-01,0.0,0.0,0.0,0.0
201,region_10,2020-02,0.0,0.0,0.0,0.0
202,region_10,2020-03,0.0,0.0,0.0,0.0
203,region_10,2020-04,0.0,0.0,0.0,0.0
204,region_10,2020-05,0.0,0.0,0.0,0.0
205,region_10,2020-06,0.0,0.0,0.0,0.0
206,region_10,2020-07,0.0,0.0,0.0,0.0
207,region_10,2020-08,0.0,0.0,0.0,0.0
208,region_10,2020-09,0.0,0.0,0.0,0.0
209,region_10,2020-10,11.87,11.87,100.0,0.0
210,region_10,2020-11,187.15,175.28,14.76663858466723,11.87
211,region_10,2020-12,270.28,83.12999999999997,0.4441891530857598,187.15
212,region_10,2021-01,178.6,-91.67999999999998,-0.3392037886636081,270.28
213,region_10,2021-02,211.06,32.46000000000001,0.18174692049272112,178.6
214,region_10,2021-03,192.44,-18.620000000000005,-0.0882213588553018,211.06
215,region_10,2021-04,267.22,74.78000000000003,0.3885886510081067,192.44
216,region_10,2021-05,308.56,41.339999999999975,0.1547039892223634,267.22
217,region_10,2021-06,272.0,-36.56,-0.11848586984703136,308.56
218,region_10,2021-07,80.13,-191.87,-0.7054044117647059,272.0
219,region_10,2021-08,342.77,262.64,3.2776737801073255,80.13
220,region_11,2020-01,0.0,0.0,0.0,0.0
221,region_11,2020-02,0.0,0.0,0.0,0.0
222,region_11,2020-03,0.0,0.0,0.0,0.0
223,region_11,2020-04,0.0,0.0,0.0,0.0
224,region_11,2020-05,0.0,0.0,0.0,0.0
225,region_11,2020-06,0.0,0.0,0.0,0.0
226,region_11,2020-07,0.0,0.0,0.0,0.0
227,region_11,2020-08,143.74,143.74,100.0,0.0
228,region_11,2020-09,357.83,214.08999999999997,1.4894253513287876,143.74
229,region_11,2020-10,250.36,-107.46999999999997,-0.30033814940055326,357.83
230,region_11,2020-11,459.45,209.08999999999997,0.8351573733823292,250.36
231,region_11,2020-12,510.29,50.84000000000003,0.11065404287735348,459.45
232,region_11,2021-01,313.81,-196.48000000000002,-0.38503595994434536,510.29
233,region_11,2021-02,26.19,-287.62,-0.9165418565373953,313.81
234,region_11,2021-03,638.05,611.8599999999999,23.36235204276441,26.19
235,region_11,2021-04,718.08,80.03000000000009,0.1254290416111592,638.05
236,region_11,2021-05,635.46,-82.62,-0.11505681818181823,718.08
237,region_11,2021-06,997.95,362.49,0.5704371636294967,635.46
238,region_11,2021-07,1022.31,24.3599999999999,0.024410040583195514,997.95
239,region_11,2021-08,985.81,-36.5,-0.035703455898895675,1022.31
240,region_12,2020-01,0.0,0.0,0.0,0.0
241,region_12,2020-02,0.0,0.0,0.0,0.0
242,region_12,2020-03,0.0,0.0,0.0,0.0
243,region_12,2020-04,0.0,0.0,0.0,0.0
244,region_12,2020-05,0.0,0.0,0.0,0.0
245,region_12,2020-06,0.0,0.0,0.0,0.0
246,region_12,2020-07,28.13,28.13,100.0,0.0
247,region_12,2020-08,0.0,-28.13,-1.0,28.13
248,region_12,2020-09,70.35,70.35,100.0,0.0
249,region_12,2020-10,458.96,388.61,5.5239516702203275,70.35
250,region_12,2020-11,247.87,-211.08999999999997,-0.4599311486839811,458.96
251,region_12,2020-12,225.19,-22.680000000000007,-0.09149957639085005,247.87
252,region_12,2021-01,466.33,241.14,1.0708290776677472,225.19
253,region_12,2021-02,425.43,-40.89999999999998,-0.08770613085154289,466.33
254,region_12,2021-03,375.52,-49.910000000000025,-0.11731659732505939,425.43
255,region_12,2021-04,473.7,98.18,0.26145078824030676,375.52
256,region_12,2021-05,459.15,-14.550000000000011,-0.030715642811906307,473.7
257,region_12,2021-06,511.83,52.68000000000001,0.11473374714145712,459.15
258,region_12,2021-07,421.12,-90.70999999999998,-0.1772268135904499,511.83
259,region_12,2021-08,117.88,-303.24,-0.7200797872340425,421.12
260,region_13,2020-01,0.0,0.0,0.0,0.0
261,region_13,2020-02,0.0,0.0,0.0,0.0
262,region_13,2020-03,0.0,0.0,0.0,0.0
263,region_13,2020-04,0.0,0.0,0.0,0.0
264,region_13,2020-05,0.0,0.0,0.0,0.0
265,region_13,2020-06,0.0,0.0,0.0,0.0
266,region_13,2020-07,77.32,77.32,100.0,0.0
267,region_13,2020-08,208.23,130.91,1.6930936368339369,77.32
268,region_13,2020-09,204.17,-4.060000000000002,-0.019497670844738968,208.23
269,region_13,2020-10,417.18,213.01000000000002,1.0432972522897588,204.17
270,region_13,2020-11,501.48,84.30000000000001,0.20207104846828705,417.18
271,region_13,2020-12,1932.53,1431.05,2.8536531865677595,501.48
272,region_13,2021-01,776.02,-1156.51,-0.5984434911747812,1932.53
273,region_13,2021-02,254.87,-521.15,-0.6715677430994047,776.02
274,region_13,2021-03,723.58,468.71000000000004,1.8390159689253345,254.87
275,region_13,2021-04,1759.15,1035.5700000000002,1.4311755438237652,723.58
276,region_13,2021-05,1878.39,119.24000000000001,0.06778273598044504,1759.15
277,region_13,2021-06,1508.81,-369.58000000000015,-0.19675360281943588,1878.39
278,region_13,2021-07,2019.17,510.3600000000001,0.3382533254684157,1508.81
279,region_13,2021-08,1330.13,-689.04,-0.3412491271165875,2019.17
280,region_14,2020-01,0.0,0.0,0.0,0.0
281,region_14,2020-02,0.0,0.0,0.0,0.0
282,region_14,2020-03,0.0,0.0,0.0,0.0
283,region_14,2020-04,0.0,0.0,0.0,0.0
284,region_14,2020-05,0.0,0.0,0.0,0.0
285,region_14,2020-06,0.0,0.0,0.0,0.0
286,region_14,2020-07,0.0,0.0,0.0,0.0
287,region_14,2020-08,0.0,0.0,0.0,0.0
288,region_14,2020-09,104.11,104.11,100.0,0.0
289,region_14,2020-10,0.0,-104.11,-1.0,104.11
290,region_14,2020-11,0.0,0.0,0.0,0.0
291,region_14,2020-12,163.96,163.96,100.0,0.0
292,region_14,2021-01,564.18,400.2199999999999,2.4409612100512317,163.96
293,region_14,2021-02,385.86,-178.31999999999994,-0.31606933957247674,564.18
294,region_14,2021-03,270.28,-115.58000000000004,-0.29953869279013123,385.86
295,region_14,2021-04,331.18,60.900000000000034,0.2253218884120174,270.28
296,region_14,2021-05,678.67,347.48999999999995,1.0492481430038043,331.18
297,region_14,2021-06,291.19,-387.47999999999996,-0.5709402213152195,678.67
298,region_14,2021-07,237.25,-53.94,-0.1852398777430544,291.19
299,region_14,2021-08,507.18,269.93,1.137744994731296,237.25
300,region_15,2020-01,0.0,0.0,0.0,0.0
301,region_15,2020-02,0.0,0.0,0.0,0.0
302,region_15,2020-03,0.0,0.0,0.0,0.0
303,region_15,2020-04,0.0,0.0,0.0,0.0
304,region_15,2020-05,0.0,0.0,0.0,0.0
305,region_15,2020-06,0.0,0.0,0.0,0.0
306,region_15,2020-07,0.0,0.0,0.0,0.0
307,region_15,2020-08,143.74,143.74,100.0,0.0
308,region_15,2020-09,227.05,83.31,0.5795881452622791,143.74
309,region_15,2020-10,0.0,-227.05,-1.0,227.05
310,region_15,2020-11,240.01,240.01,100.0,0.0
311,region_15,2020-12,0.0,-240.01,-1.0,240.01
312,region_15,2021-01,133.5,133.5,100.0,0.0
313,region_15,2021-02,230.47,96.97,0.7263670411985019,133.5
314,region_15,2021-03,205.0,-25.47,-0.11051329891092121,230.47
315,region_15,2021-04,290.9,85.89999999999998,0.41902439024390237,205.0
316,region_15,2021-05,601.23,310.33000000000004,1.066792712272259,290.9
317,region_15,2021-06,174.52,-426.71000000000004,-0.7097283901335596,601.23
318,region_15,2021-07,129.71,-44.81,-0.25676140270456105,174.52
319,region_15,2021-08,271.49,141.78,1.09305373525557,129.71
320,region_16,2020-01,0.0,0.0,0.0,0.0
321,region_16,2020-02,0.0,0.0,0.0,0.0
322,region_16,2020-03,0.0,0.0,0.0,0.0
323,region_16,2020-04,0.0,0.0,0.0,0.0
324,region_16,2020-05,0.0,0.0,0.0,0.0
325,region_16,2020-06,0.0,0.0,0.0,0.0
326,region_16,2020-07,180.43,180.43,100.0,0.0
327,region_16,2020-08,481.91,301.48,1.670897300892313,180.43
328,region_16,2020-09,1384.37,902.4599999999998,1.872673320744537,481.91
329,region_16,2020-10,2078.68,694.31,0.5015349942573155,1384.37
330,region_16,2020-11,2541.24,462.55999999999995,0.22252583370215717,2078.68
331,region_16,2020-12,1698.59,-842.6499999999999,-0.3315900898773827,2541.24
332,region_16,2021-01,2006.69,308.10000000000014,0.18138573758234777,1698.59
333,region_16,2021-02,1491.52,-515.1700000000001,-0.2567262506914372,2006.69
334,region_16,2021-03,2361.05,869.5300000000002,0.5829824608453122,1491.52
335,region_16,2021-04,1661.26,-699.7900000000002,-0.2963893183117682,2361.05
336,region_16,2021-05,2304.3,643.0400000000002,0.38707968650301594,1661.26
337,region_16,2021-06,1884.69,-419.6100000000001,-0.18209868506704863,2304.3
338,region_16,2021-07,2012.1,127.40999999999985,0.0676026296101746,1884.69
339,region_16,2021-08,1783.23,-228.8699999999999,-0.11374683166840605,2012.1
340,region_17,2020-01,0.0,0.0,0.0,0.0
341,region_17,2020-02,0.0,0.0,0.0,0.0
342,region_17,2020-03,0.0,0.0,0.0,0.0
343,region_17,2020-04,0.0,0.0,0.0,0.0
344,region_17,2020-05,0.0,0.0,0.0,0.0
345,region_17,2020-06,0.0,0.0,0.0,0.0
346,region_17,2020-07,340.51,340.51,100.0,0.0
347,region_17,2020-08,275.99,-64.51999999999998,-0.18948048515462101,340.51
348,region_17,2020-09,200.01,-75.98000000000002,-0.2752998297039748,275.99
349,region_17,2020-10,394.47,194.46000000000004,0.9722513874306287,200.01
350,region_17,2020-11,259.42,-135.05,-0.34235810074276873,394.47
351,region_17,2020-12,565.16,305.73999999999995,1.1785521548068765,259.42
352,region_17,2021-01,240.01,-325.15,-0.5753238021091373,565.16
353,region_17,2021-02,233.46,-6.549999999999983,-0.027290529561268206,240.01
354,region_17,2021-03,379.82,146.35999999999999,0.6269168165852821,233.46
355,region_17,2021-04,441.53,61.70999999999998,0.16247169711968823,379.82
356,region_17,2021-05,666.93,225.39999999999998,0.5104975879328697,441.53
357,region_17,2021-06,288.9,-378.03,-0.566821105663263,666.93
358,region_17,2021-07,133.5,-155.39999999999998,-0.5379023883696781,288.9
359,region_17,2021-08,211.34,77.84,0.5830711610486892,133.5
360,region_18,2020-01,0.0,0.0,0.0,0.0
361,region_18,2020-02,0.0,0.0,0.0,0.0
362,region_18,2020-03,0.0,0.0,0.0,0.0
363,region_18,2020-04,0.0,0.0,0.0,0.0
364,region_18,2020-05,0.0,0.0,0.0,0.0
365,region_18,2020-06,0.0,0.0,0.0,0.0
366,region_18,2020-07,48.56,48.56,100.0,0.0
367,region_18,2020-08,48.56,0.0,0.0,48.56
368,region_18,2020-09,178.91,130.35,2.684308072487644,48.56
369,region_18,2020-10,83.73,-95.17999999999999,-0.5319993292717009,178.91
370,region_18,2020-11,0.0,-83.73,-1.0,83.73
371,region_18,2020-12,347.72,347.72,100.0,0.0
372,region_18,2021-01,187.15,-160.57000000000002,-0.4617795927757966,347.72
373,region_18,2021-02,155.9,-31.25,-0.16697835960459528,187.15
374,region_18,2021-03,65.49,-90.41000000000001,-0.5799230275817833,155.9
375,region_18,2021-04,379.31,313.82,4.7918766223850975,65.49
376,region_18,2021-05,457.15,77.83999999999997,0.20521473201339258,379.31
377,region_18,2021-06,549.87,92.72000000000003,0.20282183090889205,457.15
378,region_18,2021-07,469.49,-80.38,-0.14618000618327964,549.87
379,region_18,2021-08,222.13,-247.36,-0.5268695818867282,469.49
380,region_19,2020-01,0.0,0.0,0.0,0.0
381,region_19,2020-02,0.0,0.0,0.0,0.0
382,region_19,2020-03,0.0,0.0,0.0,0.0
383,region_19,2020-04,0.0,0.0,0.0,0.0
384,region_19,2020-05,0.0,0.0,0.0,0.0
385,region_19,2020-06,0.0,0.0,0.0,0.0
386,region_19,2020-07,2208.03,2208.03,100.0,0.0
387,region_19,2020-08,2988.79,780.7599999999998,0.35360026811229917,2208.03
388,region_19,2020-09,3059.61,70.82000000000016,0.02369520775966194,2988.79
389,region_19,2020-10,3265.78,206.17000000000007,0.06738440520197031,3059.61
390,region_19,2020-11,2606.81,-658.9700000000003,-0.20178027913699026,3265.78
391,region_19,2020-12,1885.96,-720.8499999999999,-0.2765257153379034,2606.81
392,region_19,2021-01,2725.22,839.2599999999998,0.44500413582472564,1885.96
393,region_19,2021-02,1769.87,-955.3499999999999,-0.3505588539640836,2725.22
394,region_19,2021-03,2745.95,976.0799999999999,0.5514981326312103,1769.87
395,region_19,2021-04,2650.13,-95.81999999999971,-0.034895027221908514,2745.95
396,region_19,2021-05,1909.37,-740.7600000000002,-0.2795183632501048,2650.13
397,region_19,2021-06,2212.01,302.6400000000003,0.15850254272351627,1909.37
398,region_19,2021-07,3893.64,1681.6299999999997,0.76022712374718,2212.01
399,region_19,2021-08,3556.58,-337.05999999999995,-0.08656681151827084,3893.64
400,region_20,2020-01,0.0,0.0,0.0,0.0
401,region_20,2020-02,0.0,0.0,0.0,0.0
402,region_20,2020-03,0.0,0.0,0.0,0.0
403,region_20,2020-04,0.0,0.0,0.0,0.0
404,region_20,2020-05,0.0,0.0,0.0,0.0
405,region_20,2020-06,0.0,0.0,0.0,0.0
406,region_20,2020-07,249.94,249.94,100.0,0.0
407,region_20,2020-08,192.3,-57.639999999999986,-0.23061534768344394,249.94
408,region_20,2020-09,35.17,-157.13,-0.8171086843473739,192.3
409,region_20,2020-10,406.38,371.21,10.55473414842195,35.17
410,region_20,2020-11,755.68,349.29999999999995,0.8595403317092376,406.38
411,region_20,2020-12,542.89,-212.78999999999996,-0.2815874444209189,755.68
412,region_20,2021-01,1075.31,532.42,0.9807143251855808,542.89
413,region_20,2021-02,1267.15,191.84000000000015,0.17840436711273977,1075.31
414,region_20,2021-03,942.4,-324.7500000000001,-0.25628378644990735,1267.15
415,region_20,2021-04,732.71,-209.68999999999994,-0.22250636672325974,942.4
416,region_20,2021-05,1291.87,559.1599999999999,0.7631395777319809,732.71
417,region_20,2021-06,1035.98,-255.88999999999987,-0.19807720591081135,1291.87
418,region_20,2021-07,1221.52,185.53999999999996,0.17909612154674792,1035.98
419,region_20,2021-08,1273.18,51.66000000000008,0.04229157115724669,1221.52
420,region_21,2020-01,0.0,0.0,0.0,0.0
421,region_21,2020-02,0.0,0.0,0.0,0.0
422,region_21,2020-03,0.0,0.0,0.0,0.0
423,region_21,2020-04,0.0,0.0,0.0,0.0
424,region_21,2020-05,0.0,0.0,0.0,0.0
425,region_21,2020-06,0.0,0.0,0.0,0.0
426,region_21,2020-07,0.0,0.0,0.0,0.0
427,region_21,2020-08,297.56,297.56,100.0,0.0
428,region_21,2020-09,563.88,266.32,0.8950127705336739,297.56
429,region_21,2020-10,1038.79,474.90999999999997,0.8422182024544229,563.88
430,region_21,2020-11,1992.39,953.6000000000001,0.9179911242888361,1038.79
431,region_21,2020-12,1017.25,-975.1400000000001,-0.4894322898629284,1992.39
432,region_21,2021-01,982.22,-35.02999999999997,-0.034435979356107094,1017.25
433,region_21,2021-02,1186.08,203.8599999999999,0.2075502433263423,982.22
434,region_21,2021-03,1004.55,-181.52999999999997,-0.15305038445973285,1186.08
435,region_21,2021-04,1861.28,856.73,0.8528495346174905,1004.55
436,region_21,2021-05,1979.55,118.26999999999998,0.0635422934754577,1861.28
437,region_21,2021-06,856.74,-1122.81,-0.5672046677275138,1979.55
438,region_21,2021-07,1817.07,960.3299999999999,1.1209118285594228,856.74
439,region_21,2021-08,1101.29,-715.78,-0.3939198820078478,1817.07
440,region_22,2020-01,0.0,0.0,0.0,0.0
441,region_22,2020-02,0.0,0.0,0.0,0.0
442,region_22,2020-03,0.0,0.0,0.0,0.0
443,region_22,2020-04,0.0,0.0,0.0,0.0
444,region_22,2020-05,0.0,0.0,0.0,0.0
445,region_22,2020-06,0.0,0.0,0.0,0.0
446,region_22,2020-07,9.49,9.49,100.0,0.0
447,region_22,2020-08,303.41,293.92,30.97154899894626,9.49
448,region_22,2020-09,362.02,58.60999999999996,0.1931709567911406,303.41
449,region_22,2020-10,411.18,49.160000000000025,0.13579360256339434,362.02
450,region_22,2020-11,608.5,197.32,0.47988715404445736,411.18
451,region_22,2020-12,953.06,344.55999999999995,0.5662448644207065,608.5
452,region_22,2021-01,749.14,-203.91999999999996,-0.21396344406438206,953.06
453,region_22,2021-02,1117.31,368.16999999999996,0.4914568705448914,749.14
454,region_22,2021-03,729.85,-387.4599999999999,-0.3467793181838522,1117.31
455,region_22,2021-04,851.85,122.0,0.1671576351305062,729.85
456,region_22,2021-05,1312.65,460.80000000000007,0.5409403063919704,851.85
457,region_22,2021-06,788.67,-523.9800000000001,-0.39917723688721296,1312.65
458,region_22,2021-07,464.16,-324.50999999999993,-0.41146487123892117,788.67
459,region_22,2021-08,896.52,432.35999999999996,0.9314891416752842,464.16
460,region_23,2020-01,0.0,0.0,0.0,0.0
461,region_23,2020-02,0.0,0.0,0.0,0.0
462,region_23,2020-03,0.0,0.0,0.0,0.0
463,region_23,2020-04,0.0,0.0,0.0,0.0
464,region_23,2020-05,0.0,0.0,0.0,0.0
465,region_23,2020-06,0.0,0.0,0.0,0.0
466,region_23,2020-07,913.49,913.49,100.0,0.0
467,region_23,2020-08,1984.38,1070.89,1.1723062102486073,913.49
468,region_23,2020-09,1569.6,-414.7800000000002,-0.2090224654552052,1984.38
469,region_23,2020-10,2079.58,509.98,0.3249108053007135,1569.6
470,region_23,2020-11,3031.52,951.94,0.45775589301685926,2079.58
471,region_23,2020-12,2455.51,-576.0099999999998,-0.19000699319153425,3031.52
472,region_23,2021-01,2608.6,153.0899999999997,0.06234550052738519,2455.51
473,region_23,2021-02,4250.11,1641.5099999999998,0.6292685731810166,2608.6
474,region_23,2021-03,4496.09,245.98000000000047,0.05787614908790606,4250.11
475,region_23,2021-04,3748.56,-747.5300000000002,-0.16626224119179112,4496.09
476,region_23,2021-05,4018.13,269.57000000000016,0.0719129479053291,3748.56
477,region_23,2021-06,3258.16,-759.9700000000003,-0.18913524450428443,4018.13
478,region_23,2021-07,5589.95,2331.79,0.7156769464974095,3258.16
479,region_23,2021-08,3272.76,-2317.1899999999996,-0.4145278580309304,5589.95
480,region_24,2020-01,0.0,0.0,0.0,0.0
481,region_24,2020-02,0.0,0.0,0.0,0.0
482,region_24,2020-03,0.0,0.0,0.0,0.0
483,region_24,2020-04,0.0,0.0,0.0,0.0
484,region_24,2020-05,0.0,0.0,0.0,0.0
485,region_24,2020-06,0.0,0.0,0.0,0.0
486,region_24,2020-07,0.0,0.0,0.0,0.0
487,region_24,2020-08,0.0,0.0,0.0,0.0
488,region_24,2020-09,104.11,104.11,100.0,0.0
489,region_24,2020-10,0.0,-104.11,-1.0,104.11
490,region_24,2020-11,443.02,443.02,100.0,0.0
491,region_24,2020-12,77.56,-365.46,-0.8249288971152544,443.02
492,region_24,2021-01,143.04,65.47999999999999,0.8442496132026815,77.56
493,region_24,2021-02,476.75,333.71000000000004,2.3329837807606264,143.04
494,region_24,2021-03,935.95,459.20000000000005,0.9631882538017831,476.75
495,region_24,2021-04,459.15,-476.80000000000007,-0.5094289224851756,935.95
496,region_24,2021-05,833.41,374.26,0.815114886202766,459.15
497,region_24,2021-06,1249.63,416.22000000000014,0.49941805353907465,833.41
498,region_24,2021-07,1199.72,-49.91000000000008,-0.03993982218736747,1249.63
499,region_24,2021-08,871.8,-327.9200000000001,-0.2733304437702131,1199.72
500,region_25,2020-01,0.0,0.0,0.0,0.0
501,region_25,2020-02,0.0,0.0,0.0,0.0
502,region_25,2020-03,0.0,0.0,0.0,0.0
503,region_25,2020-04,0.0,0.0,0.0,0.0
504,region_25,2020-05,0.0,0.0,0.0,0.0
505,region_25,2020-06,0.0,0.0,0.0,0.0
506,region_25,2020-07,160.38,160.38,100.0,0.0
507,region_25,2020-08,149.07,-11.310000000000002,-0.07052001496445948,160.38
508,region_25,2020-09,375.03,225.95999999999998,1.515797947273093,149.07
509,region_25,2020-10,355.18,-19.849999999999966,-0.05292909900541276,375.03
510,region_25,2020-11,529.42,174.23999999999995,0.49056816262176905,355.18
511,region_25,2020-12,573.01,43.59000000000003,0.08233538589399725,529.42
512,region_25,2021-01,636.44,63.430000000000064,0.11069614840927744,573.01
513,region_25,2021-02,653.88,17.43999999999994,0.02740242599459486,636.44
514,region_25,2021-03,750.98,97.10000000000002,0.14849819538753284,653.88
515,region_25,2021-04,1257.3,506.31999999999994,0.674212362512983,750.98
516,region_25,2021-05,556.54,-700.76,-0.5573530581404598,1257.3
517,region_25,2021-06,705.83,149.29000000000008,0.2682466669062422,556.54
518,region_25,2021-07,464.73,-241.10000000000002,-0.3415836674553363,705.83
519,region_25,2021-08,604.22,139.49,0.3001527768811998,464.73
520,region_26,2020-01,0.0,0.0,0.0,0.0
521,region_26,2020-02,0.0,0.0,0.0,0.0
522,region_26,2020-03,0.0,0.0,0.0,0.0
523,region_26,2020-04,0.0,0.0,0.0,0.0
524,region_26,2020-05,0.0,0.0,0.0,0.0
525,region_26,2020-06,0.0,0.0,0.0,0.0
526,region_26,2020-07,104.11,104.11,100.0,0.0
527,region_26,2020-08,98.48,-5.6299999999999955,-0.054077418115454745,104.11
528,region_26,2020-09,0.0,-98.48,-1.0,98.48
529,region_26,2020-10,688.45,688.45,100.0,0.0
530,region_26,2020-11,548.83,-139.62,-0.20280339893964705,688.45
531,region_26,2020-12,503.95,-44.88000000000005,-0.08177395550534783,548.83
532,region_26,2021-01,58.94,-445.01,-0.8830439527730926,503.95
533,region_26,2021-02,696.08,637.1400000000001,10.80997624703088,58.94
534,region_26,2021-03,414.93,-281.15000000000003,-0.4039047235949891,696.08
535,region_26,2021-04,364.44,-50.49000000000001,-0.12168317547538143,414.93
536,region_26,2021-05,750.04,385.59999999999997,1.0580616836790693,364.44
537,region_26,2021-06,346.61,-403.42999999999995,-0.5378779798410751,750.04
538,region_26,2021-07,416.83,70.21999999999997,0.20259080811286445,346.61
539,region_26,2021-08,378.59,-38.24000000000001,-0.09174003790514118,416.83
540,region_27,2020-01,0.0,0.0,0.0,0.0
541,region_27,2020-02,0.0,0.0,0.0,0.0
542,region_27,2020-03,0.0,0.0,0.0,0.0
543,region_27,2020-04,0.0,0.0,0.0,0.0
544,region_27,2020-05,0.0,0.0,0.0,0.0
545,region_27,2020-06,0.0,0.0,0.0,0.0
546,region_27,2020-07,242.22,242.22,100.0,0.0
547,region_27,2020-08,250.36,8.140000000000015,0.033605812897366194,242.22
548,region_27,2020-09,70.35,-180.01000000000002,-0.7190046333280077,250.36
549,region_27,2020-10,296.41,226.06000000000003,3.213361762615494,70.35
550,region_27,2020-11,15.23,-281.18,-0.9486184676630343,296.41
551,region_27,2020-12,174.52,159.29000000000002,10.458962573867367,15.23
552,region_27,2021-01,308.03,133.50999999999996,0.7650126060050422,174.52
553,region_27,2021-02,297.17,-10.859999999999957,-0.035256306203941046,308.03
554,region_27,2021-03,363.97,66.80000000000001,0.22478715886529588,297.17
555,region_27,2021-04,133.5,-230.47000000000003,-0.6332115284226723,363.97
556,region_27,2021-05,174.52,41.02000000000001,0.3072659176029964,133.5
557,region_27,2021-06,211.06,36.53999999999999,0.20937428374971345,174.52
558,region_27,2021-07,390.17,179.11,0.8486212451435611,211.06
559,region_27,2021-08,578.02,187.84999999999997,0.48145680088166687,390.17
560,region_28,2020-01,0.0,0.0,0.0,0.0
561,region_28,2020-02,0.0,0.0,0.0,0.0
562,region_28,2020-03,0.0,0.0,0.0,0.0
563,region_28,2020-04,0.0,0.0,0.0,0.0
564,region_28,2020-05,0.0,0.0,0.0,0.0
565,region_28,2020-06,0.0,0.0,0.0,0.0
566,region_28,2020-07,48.56,48.56,100.0,0.0
567,region_28,2020-08,0.0,-48.56,-1.0,48.56
568,region_28,2020-09,0.0,0.0,0.0,0.0
569,region_28,2020-10,104.11,104.11,100.0,0.0
570,region_28,2020-11,632.83,528.72,5.078474690231486,104.11
571,region_28,2020-12,446.86,-185.97000000000003,-0.29387039173237683,632.83
572,region_28,2021-01,375.52,-71.34000000000003,-0.1596473168330127,446.86
573,region_28,2021-02,412.26,36.74000000000001,0.09783766510438863,375.52
574,region_28,2021-03,339.5,-72.75999999999999,-0.17649056420705378,412.26
575,region_28,2021-04,330.42,-9.079999999999984,-0.026745213549337232,339.5
576,region_28,2021-05,518.68,188.25999999999993,0.5697596997760423,330.42
577,region_28,2021-06,451.86,-66.81999999999994,-0.1288270224415824,518.68
578,region_28,2021-07,440.31,-11.550000000000011,-0.025561014473509558,451.86
579,region_28,2021-08,388.73,-51.579999999999984,-0.11714473893393285,440.31
580,region_29,2020-01,0.0,0.0,0.0,0.0
581,region_29,2020-02,0.0,0.0,0.0,0.0
582,region_29,2020-03,0.0,0.0,0.0,0.0
583,region_29,2020-04,0.0,0.0,0.0,0.0
584,region_29,2020-05,0.0,0.0,0.0,0.0
585,region_29,2020-06,0.0,0.0,0.0,0.0
586,region_29,2020-07,0.0,0.0,0.0,0.0
587,region_29,2020-08,35.17,35.17,100.0,0.0
588,region_29,2020-09,0.0,-35.17,-1.0,35.17
589,region_29,2020-10,167.42,167.42,100.0,0.0
590,region_29,2020-11,214.05,46.630000000000024,0.27852108469716885,167.42
591,region_29,2020-12,155.11,-58.94,-0.2753562251810324,214.05
592,region_29,2021-01,136.49,-18.620000000000005,-0.12004383985558642,155.11
593,region_29,2021-02,193.93,57.44,0.4208366913326984,136.49
594,region_29,2021-03,181.58,-12.349999999999994,-0.0636827721342752,193.93
595,region_29,2021-04,0.0,-181.58,-1.0,181.58
596,region_29,2021-05,180.3,180.3,100.0,0.0
597,region_29,2021-06,290.9,110.59999999999997,0.6134220743205765,180.3
598,region_29,2021-07,425.39,134.49,0.4623238226194568,290.9
599,region_29,2021-08,311.01,-114.38,-0.26888267237123575,425.39
600,region_30,2020-01,0.0,0.0,0.0,0.0
601,region_30,2020-02,0.0,0.0,0.0,0.0
602,region_30,2020-03,0.0,0.0,0.0,0.0
603,region_30,2020-04,0.0,0.0,0.0,0.0
604,region_30,2020-05,0.0,0.0,0.0,0.0
605,region_30,2020-06,0.0,0.0,0.0,0.0
606,region_30,2020-07,301.03,301.03,100.0,0.0
607,region_30,2020-08,0.0,-301.03,-1.0,301.03
608,region_30,2020-09,208.23,208.23,100.0,0.0
609,region_30,2020-10,766.26,558.03,2.6798732171156896,208.23
610,region_30,2020-11,418.33,-347.93,-0.4540625897215045,766.26
611,region_30,2020-12,455.87,37.54000000000002,0.08973776683479562,418.33
612,region_30,2021-01,1302.15,846.2800000000001,1.8564064316581481,455.87
613,region_30,2021-02,162.46,-1139.69,-0.8752371078600776,1302.15
614,region_30,2021-03,259.42,96.96000000000001,0.5968238335590299,162.46
615,region_30,2021-04,263.21,3.7899999999999636,0.014609513530182472,259.42
616,region_30,2021-05,327.44,64.23000000000002,0.24402568291478288,263.21
617,region_30,2021-06,509.53,182.08999999999997,0.5561018812606888,327.44
618,region_30,2021-07,686.59,177.06000000000006,0.3474967126567623,509.53
619,region_30,2021-08,0.0,-686.59,-1.0,686.59
620,region_31,2020-01,0.0,0.0,0.0,0.0
621,region_31,2020-02,0.0,0.0,0.0,0.0
622,region_31,2020-03,0.0,0.0,0.0,0.0
623,region_31,2020-04,0.0,0.0,0.0,0.0
624,region_31,2020-05,0.0,0.0,0.0,0.0
625,region_31,2020-06,0.0,0.0,0.0,0.0
626,region_31,2020-07,0.0,0.0,0.0,0.0
627,region_31,2020-08,105.52,105.52,100.0,0.0
628,region_31,2020-09,382.69,277.17,2.6267058377558756,105.52
629,region_31,2020-10,320.29,-62.39999999999998,-0.16305625963573644,382.69
630,region_31,2020-11,363.17,42.879999999999995,0.13387867245308938,320.29
631,region_31,2020-12,926.83,563.6600000000001,1.5520555111931054,363.17
632,region_31,2021-01,96.97,-829.86,-0.895374556283245,926.83
633,region_31,2021-02,496.67,399.70000000000005,4.121893369083222,96.97
634,region_31,2021-03,691.08,194.41000000000003,0.3914269031751465,496.67
635,region_31,2021-04,220.88,-470.20000000000005,-0.6803843259825202,691.08
636,region_31,2021-05,318.36,97.48000000000002,0.44132560666425213,220.88
637,region_31,2021-06,812.18,493.81999999999994,1.5511370775223017,318.36
638,region_31,2021-07,534.98,-277.19999999999993,-0.34130365189982514,812.18
639,region_31,2021-08,447.28,-87.70000000000005,-0.16393136192007185,534.98
640,region_32,2020-01,0.0,0.0,0.0,0.0
641,region_32,2020-02,0.0,0.0,0.0,0.0
642,region_32,2020-03,0.0,0.0,0.0,0.0
643,region_32,2020-04,0.0,0.0,0.0,0.0
644,region_32,2020-05,0.0,0.0,0.0,0.0
645,region_32,2020-06,0.0,0.0,0.0,0.0
646,region_32,2020-07,0.0,0.0,0.0,0.0
647,region_32,2020-08,35.17,35.17,100.0,0.0
648,region_32,2020-09,63.31,28.14,0.8001137332954222,35.17
649,region_32,2020-10,1306.24,1242.93,19.632443531827516,63.31
650,region_32,2020-11,1503.06,196.81999999999994,0.1506767515923566,1306.24
651,region_32,2020-12,1225.69,-277.3699999999999,-0.18453687810200514,1503.06
652,region_32,2021-01,788.18,-437.5100000000001,-0.3569499628780525,1225.69
653,region_32,2021-02,488.33,-299.84999999999997,-0.38043340353726307,788.18
654,region_32,2021-03,626.41,138.07999999999998,0.2827596092806095,488.33
655,region_32,2021-04,244.52,-381.89,-0.6096486326846633,626.41
656,region_32,2021-05,471.43,226.91,0.9279813512187141,244.52
657,region_32,2021-06,841.13,369.7,0.7842097448189551,471.43
658,region_32,2021-07,1525.38,684.2500000000001,0.8134889969445867,841.13
659,region_32,2021-08,144.94,-1380.44,-0.904981053901323,1525.38
660,region_33,2020-01,0.0,0.0,0.0,0.0
661,region_33,2020-02,0.0,0.0,0.0,0.0
662,region_33,2020-03,0.0,0.0,0.0,0.0
663,region_33,2020-04,0.0,0.0,0.0,0.0
664,region_33,2020-05,0.0,0.0,0.0,0.0
665,region_33,2020-06,0.0,0.0,0.0,0.0
666,region_33,2020-07,984.6,984.6,100.0,0.0
667,region_33,2020-08,729.71,-254.89,-0.2588767011984562,984.6
668,region_33,2020-09,1467.14,737.4300000000001,1.0105795452988175,729.71
669,region_33,2020-10,1419.27,-47.87000000000012,-0.03262810638384894,1467.14
670,region_33,2020-11,1403.04,-16.230000000000018,-0.011435456255680765,1419.27
671,region_33,2020-12,1047.71,-355.3299999999999,-0.25325721290911163,1403.04
672,region_33,2021-01,1414.09,366.3799999999999,0.3496960036651362,1047.71
673,region_33,2021-02,1884.58,470.49,0.3327157394508129,1414.09
674,region_33,2021-03,1411.1,-473.48,-0.25123900285474754,1884.58
675,region_33,2021-04,1255.99,-155.1099999999999,-0.10992133796329095,1411.1
676,region_33,2021-05,1012.89,-243.10000000000002,-0.1935524964370735,1255.99
677,region_33,2021-06,1804.16,791.2700000000001,0.7812003277749806,1012.89
678,region_33,2021-07,1783.15,-21.00999999999999,-0.011645308620078065,1804.16
679,region_33,2021-08,1440.23,-342.9200000000001,-0.1923113591116844,1783.15
680,region_34,2020-01,0.0,0.0,0.0,0.0
681,region_34,2020-02,0.0,0.0,0.0,0.0
682,region_34,2020-03,0.0,0.0,0.0,0.0
683,region_34,2020-04,0.0,0.0,0.0,0.0
684,region_34,2020-05,0.0,0.0,0.0,0.0
685,region_34,2020-06,0.0,0.0,0.0,0.0
686,region_34,2020-07,105.52,105.52,100.0,0.0
687,region_34,2020-08,28.13,-77.39,-0.73341546626232,105.52
688,region_34,2020-09,223.69,195.56,6.952008531816566,28.13
689,region_34,2020-10,249.94,26.25,0.11734990388484068,223.69
690,region_34,2020-11,63.45,-186.49,-0.7461390733776105,249.94
691,region_34,2020-12,263.21,199.76,3.148305752561071,63.45
692,region_34,2021-01,400.92,137.71000000000004,0.5231944075073138,263.21
693,region_34,2021-02,174.52,-226.4,-0.5647011872692806,400.92
694,region_34,2021-03,77.56,-96.96000000000001,-0.5555810222324089,174.52
695,region_34,2021-04,211.06,133.5,1.721248066013409,77.56
696,region_34,2021-05,133.5,-77.56,-0.36747844214915193,211.06
697,region_34,2021-06,0.0,-133.5,-1.0,133.5
698,region_34,2021-07,129.94,129.94,100.0,0.0
699,region_34,2021-08,445.6,315.66,2.429275050023088,129.94
700,region_35,2020-01,0.0,0.0,0.0,0.0
701,region_35,2020-02,0.0,0.0,0.0,0.0
702,region_35,2020-03,0.0,0.0,0.0,0.0
703,region_35,2020-04,0.0,0.0,0.0,0.0
704,region_35,2020-05,0.0,0.0,0.0,0.0
705,region_35,2020-06,0.0,0.0,0.0,0.0
706,region_35,2020-07,160.38,160.38,100.0,0.0
707,region_35,2020-08,429.73,269.35,1.6794488090784387,160.38
708,region_35,2020-09,1090.36,660.6299999999999,1.537314127475391,429.73
709,region_35,2020-10,671.61,-418.7499999999999,-0.38404747056018185,1090.36
710,region_35,2020-11,1027.34,355.7299999999999,0.5296675153735053,671.61
711,region_35,2020-12,1740.46,713.1200000000001,0.6941421535226899,1027.34
712,region_35,2021-01,2075.95,335.4899999999998,0.19275938544982352,1740.46
713,region_35,2021-02,2083.72,7.769999999999982,0.0037428647125412606,2075.95
714,region_35,2021-03,1281.72,-801.9999999999998,-0.38488856468239485,2083.72
715,region_35,2021-04,2555.64,1273.9199999999998,0.9939144274880627,1281.72
716,region_35,2021-05,1650.56,-905.0799999999999,-0.35415003678139334,2555.64
717,region_35,2021-06,2047.67,397.1100000000001,0.2405910721209772,1650.56
718,region_35,2021-07,1361.81,-685.8600000000001,-0.3349465490044783,2047.67
719,region_35,2021-08,2426.56,1064.75,0.7818638429736895,1361.81
720,region_36,2020-01,0.0,0.0,0.0,0.0
721,region_36,2020-02,0.0,0.0,0.0,0.0
722,region_36,2020-03,0.0,0.0,0.0,0.0
723,region_36,2020-04,0.0,0.0,0.0,0.0
724,region_36,2020-05,0.0,0.0,0.0,0.0
725,region_36,2020-06,0.0,0.0,0.0,0.0
726,region_36,2020-07,0.0,0.0,0.0,0.0
727,region_36,2020-08,47.04,47.04,100.0,0.0
728,region_36,2020-09,104.11,57.07,1.2132227891156462,47.04
729,region_36,2020-10,0.0,-104.11,-1.0,104.11
730,region_36,2020-11,0.0,0.0,0.0,0.0
731,region_36,2020-12,45.09,45.09,100.0,0.0
732,region_36,2021-01,233.46,188.37,4.177644710578842,45.09
733,region_36,2021-02,26.19,-207.27,-0.8878180416345413,233.46
734,region_36,2021-03,26.19,0.0,0.0,26.19
735,region_36,2021-04,181.3,155.11,5.922489499809087,26.19
736,region_36,2021-05,226.91,45.609999999999985,0.25157198014340865,181.3
737,region_36,2021-06,203.29,-23.620000000000005,-0.10409413423824421,226.91
738,region_36,2021-07,232.95,29.659999999999997,0.1458999458901078,203.29
739,region_36,2021-08,100.53,-132.42,-0.5684481648422408,232.95
740,region_37,2020-01,0.0,0.0,0.0,0.0
741,region_37,2020-02,0.0,0.0,0.0,0.0
742,region_37,2020-03,0.0,0.0,0.0,0.0
743,region_37,2020-04,0.0,0.0,0.0,0.0
744,region_37,2020-05,0.0,0.0,0.0,0.0
745,region_37,2020-06,0.0,0.0,0.0,0.0
746,region_37,2020-07,0.0,0.0,0.0,0.0
747,region_37,2020-08,266.28,266.28,100.0,0.0
748,region_37,2020-09,139.29,-126.98999999999998,-0.4769040108156827,266.28
749,region_37,2020-10,366.34,227.04999999999998,1.6300524086438366,139.29
750,region_37,2020-11,612.54,246.2,0.6720532838346891,366.34
751,region_37,2020-12,96.97,-515.5699999999999,-0.8416919711365788,612.54
752,region_37,2021-01,0.0,-96.97,-1.0,96.97
753,region_37,2021-02,978.5,978.5,100.0,0.0
754,region_37,2021-03,966.37,-12.129999999999995,-0.012396525293817073,978.5
755,region_37,2021-04,653.14,-313.23,-0.3241305090182849,966.37
756,region_37,2021-05,642.53,-10.610000000000014,-0.016244602994763824,653.14
757,region_37,2021-06,438.25,-204.27999999999997,-0.31793068027952,642.53
758,region_37,2021-07,624.37,186.12,0.4246891043924701,438.25
759,region_37,2021-08,1177.12,552.7499999999999,0.8852923747137111,624.37
760,region_38,2020-01,0.0,0.0,0.0,0.0
761,region_38,2020-02,0.0,0.0,0.0,0.0
762,region_38,2020-03,0.0,0.0,0.0,0.0
763,region_38,2020-04,0.0,0.0,0.0,0.0
764,region_38,2020-05,0.0,0.0,0.0,0.0
765,region_38,2020-06,0.0,0.0,0.0,0.0
766,region_38,2020-07,118.9,118.9,100.0,0.0
767,region_38,2020-08,357.83,238.92999999999998,2.009503784693019,118.9
768,region_38,2020-09,323.03,-34.80000000000001,-0.09725288544839727,357.83
769,region_38,2020-10,947.55,624.52,1.9333188867907007,323.03
770,region_38,2020-11,942.68,-4.8700000000000045,-0.005139570471215271,947.55
771,region_38,2020-12,122.93,-819.75,-0.8695951966733144,942.68
772,region_38,2021-01,284.82,161.89,1.3169283331977546,122.93
773,region_38,2021-02,711.28,426.46,1.4972965381644547,284.82
774,region_38,2021-03,613.77,-97.50999999999999,-0.13709087841637613,711.28
775,region_38,2021-04,447.56,-166.20999999999998,-0.27080176613389373,613.77
776,region_38,2021-05,647.75,200.19,0.4472919831977835,447.56
777,region_38,2021-06,1142.53,494.78,0.7638440756464686,647.75
778,region_38,2021-07,1029.95,-112.57999999999993,-0.0985357058457983,1142.53
779,region_38,2021-08,760.82,-269.13,-0.26130394679353364,1029.95
780,region_39,2020-01,0.0,0.0,0.0,0.0
781,region_39,2020-02,0.0,0.0,0.0,0.0
782,region_39,2020-03,0.0,0.0,0.0,0.0
783,region_39,2020-04,0.0,0.0,0.0,0.0
784,region_39,2020-05,0.0,0.0,0.0,0.0
785,region_39,2020-06,0.0,0.0,0.0,0.0
786,region_39,2020-07,152.67,152.67,100.0,0.0
787,region_39,2020-08,171.87,19.200000000000017,0.1257614462566321,152.67
788,region_39,2020-09,139.29,-32.58000000000001,-0.1895618781637285,171.87
789,region_39,2020-10,418.45,279.15999999999997,2.0041639744418123,139.29
790,region_39,2020-11,1101.93,683.48,1.6333612140040628,418.45
791,region_39,2020-12,452.79,-649.1400000000001,-0.5890936810868204,1101.93
792,region_39,2021-01,906.16,453.36999999999995,1.001280947017381,452.79
793,region_39,2021-02,912.77,6.610000000000014,0.007294517524498945,906.16
794,region_39,2021-03,838.88,-73.88999999999999,-0.08095138972577975,912.77
795,region_39,2021-04,725.08,-113.79999999999995,-0.1356570665649437,838.88
796,region_39,2021-05,1262.69,537.61,0.7414492193964803,725.08
797,region_39,2021-06,1027.63,-235.05999999999995,-0.18615812273796417,1262.69
798,region_39,2021-07,1358.15,330.52,0.321633272675963,1027.63
799,region_39,2021-08,1015.66,-342.4900000000001,-0.25217391304347836,1358.15
800,region_40,2020-01,0.0,0.0,0.0,0.0
801,region_40,2020-02,0.0,0.0,0.0,0.0
802,region_40,2020-03,0.0,0.0,0.0,0.0
803,region_40,2020-04,0.0,0.0,0.0,0.0
804,region_40,2020-05,0.0,0.0,0.0,0.0
805,region_40,2020-06,0.0,0.0,0.0,0.0
806,region_40,2020-07,48.56,48.56,100.0,0.0
807,region_40,2020-08,343.0,294.44,6.063426688632619,48.56
808,region_40,2020-09,839.38,496.38,1.4471720116618076,343.0
809,region_40,2020-10,275.99,-563.39,-0.6711977888441469,839.38
810,region_40,2020-11,427.16,151.17000000000002,0.547737236856408,275.99
811,region_40,2020-12,648.16,220.99999999999994,0.5173705403127633,427.16
812,region_40,2021-01,873.87,225.71000000000004,0.34823191804492715,648.16
813,region_40,2021-02,1065.9,192.0300000000001,0.2197466442377014,873.87
814,region_40,2021-03,887.17,-178.73000000000013,-0.1676798949244771,1065.9
815,region_40,2021-04,1198.13,310.96000000000015,0.350507794447513,887.17
816,region_40,2021-05,1442.52,244.38999999999987,0.2039761962391391,1198.13
817,region_40,2021-06,155.39,-1287.13,-0.8922787898954607,1442.52
818,region_40,2021-07,2236.86,2081.4700000000003,13.395134822060625,155.39
819,region_40,2021-08,719.57,-1517.29,-0.6783124558532944,2236.86
820,region_41,2020-01,0.0,0.0,0.0,0.0
821,region_41,2020-02,0.0,0.0,0.0,0.0
822,region_41,2020-03,0.0,0.0,0.0,0.0
823,region_41,2020-04,0.0,0.0,0.0,0.0
824,region_41,2020-05,0.0,0.0,0.0,0.0
825,region_41,2020-06,0.0,0.0,0.0,0.0
826,region_41,2020-07,484.22,484.22,100.0,0.0
827,region_41,2020-08,56.27,-427.95000000000005,-0.88379249101648,484.22
828,region_41,2020-09,570.12,513.85,9.131864226052958,56.27
829,region_41,2020-10,262.64,-307.48,-0.5393250543745176,570.12
830,region_41,2020-11,565.16,302.52,1.1518428266829122,262.64
831,region_41,2020-12,446.29,-118.86999999999995,-0.2103298181046075,565.16
832,region_41,2021-01,547.05,100.75999999999993,0.22577247977772275,446.29
833,region_41,2021-02,499.96,-47.089999999999975,-0.08607988300886571,547.05
834,region_41,2021-03,226.68,-273.28,-0.5466037282982639,499.96
835,region_41,2021-04,776.03,549.3499999999999,2.4234603846832536,226.68
836,region_41,2021-05,361.45,-414.58,-0.5342319240235558,776.03
837,region_41,2021-06,289.41,-72.03999999999996,-0.1993083414026835,361.45
838,region_41,2021-07,749.56,460.1499999999999,1.5899588818631005,289.41
839,region_41,2021-08,231.74,-517.8199999999999,-0.6908319547467847,749.56
840,region_42,2020-01,0.0,0.0,0.0,0.0
841,region_42,2020-02,0.0,0.0,0.0,0.0
842,region_42,2020-03,0.0,0.0,0.0,0.0
843,region_42,2020-04,0.0,0.0,0.0,0.0
844,region_42,2020-05,0.0,0.0,0.0,0.0
845,region_42,2020-06,0.0,0.0,0.0,0.0
846,region_42,2020-07,63.31,63.31,100.0,0.0
847,region_42,2020-08,48.56,-14.75,-0.23298057178960674,63.31
848,region_42,2020-09,2197.9,2149.34,44.26153212520593,48.56
849,region_42,2020-10,1803.39,-394.51,-0.17949406251421807,2197.9
850,region_42,2020-11,2260.4,457.01,0.2534171754307166,1803.39
851,region_42,2020-12,2675.35,414.9499999999998,0.1835737037692442,2260.4
852,region_42,2021-01,2849.66,174.30999999999995,0.06515409198796407,2675.35
853,region_42,2021-02,2385.32,-464.3399999999997,-0.16294575493216723,2849.66
854,region_42,2021-03,3376.47,991.1499999999996,0.41552076870189314,2385.32
855,region_42,2021-04,3908.79,532.3200000000002,0.157655776595083,3376.47
856,region_42,2021-05,2483.33,-1425.46,-0.36468063006710516,3908.79
857,region_42,2021-06,4036.97,1553.6399999999999,0.6256276854062892,2483.33
858,region_42,2021-07,4670.7,633.73,0.15698159758432695,4036.97
859,region_42,2021-08,2285.93,-2384.77,-0.5105808551180766,4670.7
860,region_43,2020-01,0.0,0.0,0.0,0.0
861,region_43,2020-02,0.0,0.0,0.0,0.0
862,region_43,2020-03,0.0,0.0,0.0,0.0
863,region_43,2020-04,0.0,0.0,0.0,0.0
864,region_43,2020-05,0.0,0.0,0.0,0.0
865,region_43,2020-06,0.0,0.0,0.0,0.0
866,region_43,2020-07,508.44,508.44,100.0,0.0
867,region_43,2020-08,1124.69,616.25,1.2120407521044765,508.44
868,region_43,2020-09,1947.06,822.3699999999999,0.7311970409623985,1124.69
869,region_43,2020-10,2510.89,563.8299999999999,0.2895801875648414,1947.06
870,region_43,2020-11,2374.56,-136.32999999999993,-0.0542954888505669,2510.89
871,region_43,2020-12,2592.77,218.21000000000004,0.09189491947981954,2374.56
872,region_43,2021-01,3239.5,646.73,0.24943593145554765,2592.77
873,region_43,2021-02,2914.34,-325.15999999999985,-0.10037351443123932,3239.5
874,region_43,2021-03,3893.62,979.2799999999997,0.3360211917621141,2914.34
875,region_43,2021-04,3336.74,-556.8800000000001,-0.14302371571956174,3893.62
876,region_43,2021-05,2398.85,-937.8899999999999,-0.2810797365092875,3336.74
877,region_43,2021-06,3353.41,954.56,0.3979240052525168,2398.85
878,region_43,2021-07,3163.9,-189.50999999999976,-0.056512624462860095,3353.41
879,region_43,2021-08,4026.37,862.4699999999998,0.27259711116027674,3163.9
880,region_44,2020-01,0.0,0.0,0.0,0.0
881,region_44,2020-02,0.0,0.0,0.0,0.0
882,region_44,2020-03,0.0,0.0,0.0,0.0
883,region_44,2020-04,0.0,0.0,0.0,0.0
884,region_44,2020-05,0.0,0.0,0.0,0.0
885,region_44,2020-06,0.0,0.0,0.0,0.0
886,region_44,2020-07,104.11,104.11,100.0,0.0
887,region_44,2020-08,278.57,174.45999999999998,1.6757275958121216,104.11
888,region_44,2020-09,491.26,212.69,0.7635064795204078,278.57
889,region_44,2020-10,70.35,-420.90999999999997,-0.8567968082074665,491.26
890,region_44,2020-11,832.66,762.31,10.835963041933192,70.35
891,region_44,2020-12,871.92,39.25999999999999,0.0471500972786012,832.66
892,region_44,2021-01,562.88,-309.03999999999996,-0.354436186806129,871.92
893,region_44,2021-02,703.94,141.06000000000006,0.2506040363843094,562.88
894,region_44,2021-03,602.36,-101.58000000000004,-0.14430207119924998,703.94
895,region_44,2021-04,459.34,-143.02000000000004,-0.23743276445979156,602.36
896,region_44,2021-05,909.72,450.38000000000005,0.9804937519049073,459.34
897,region_44,2021-06,877.7,-32.01999999999998,-0.03519764323088426,909.72
898,region_44,2021-07,376.78,-500.9200000000001,-0.5707189244616613,877.7
899,region_44,2021-08,687.62,310.84000000000003,0.8249907107595946,376.78
900,region_45,2020-01,0.0,0.0,0.0,0.0
901,region_45,2020-02,0.0,0.0,0.0,0.0
902,region_45,2020-03,0.0,0.0,0.0,0.0
903,region_45,2020-04,0.0,0.0,0.0,0.0
904,region_45,2020-05,0.0,0.0,0.0,0.0
905,region_45,2020-06,0.0,0.0,0.0,0.0
906,region_45,2020-07,104.11,104.11,100.0,0.0
907,region_45,2020-08,360.79,256.68,2.4654692152530977,104.11
908,region_45,2020-09,564.09,203.3,0.5634856841930209,360.79
909,region_45,2020-10,1200.76,636.67,1.1286674112287045,564.09
910,region_45,2020-11,2153.07,952.3100000000002,0.7930893767280724,1200.76
911,region_45,2020-12,1278.18,-874.8900000000001,-0.40634535802365923,2153.07
912,region_45,2021-01,1803.9,525.72,0.4113035722668168,1278.18
913,region_45,2021-02,1264.6,-539.3000000000002,-0.298963357170575,1803.9
914,region_45,2021-03,2310.84,1046.2400000000002,0.8273287996204335,1264.6
915,region_45,2021-04,1571.14,-739.7,-0.3201000501981963,2310.84
916,region_45,2021-05,1189.07,-382.07000000000016,-0.2431801112567945,1571.14
917,region_45,2021-06,2456.45,1267.3799999999999,1.0658581916960315,1189.07
918,region_45,2021-07,1949.24,-507.2099999999998,-0.20648089722974206,2456.45
919,region_45,2021-08,1826.22,-123.01999999999998,-0.06311177689766267,1949.24
920,region_46,2020-01,0.0,0.0,0.0,0.0
921,region_46,2020-02,0.0,0.0,0.0,0.0
922,region_46,2020-03,0.0,0.0,0.0,0.0
923,region_46,2020-04,0.0,0.0,0.0,0.0
924,region_46,2020-05,0.0,0.0,0.0,0.0
925,region_46,2020-06,0.0,0.0,0.0,0.0
926,region_46,2020-07,0.0,0.0,0.0,0.0
927,region_46,2020-08,0.0,0.0,0.0,0.0
928,region_46,2020-09,28.13,28.13,100.0,0.0
929,region_46,2020-10,0.0,-28.13,-1.0,28.13
930,region_46,2020-11,0.0,0.0,0.0,0.0
931,region_46,2020-12,32.74,32.74,100.0,0.0
932,region_46,2021-01,0.0,-32.74,-1.0,32.74
933,region_46,2021-02,32.74,32.74,100.0,0.0
934,region_46,2021-03,0.0,-32.74,-1.0,32.74
935,region_46,2021-04,0.0,0.0,0.0,0.0
936,region_46,2021-05,0.0,0.0,0.0,0.0
937,region_46,2021-06,0.0,0.0,0.0,0.0
938,region_46,2021-07,96.97,96.97,100.0,0.0
939,region_46,2021-08,0.0,-96.97,-1.0,96.97
940,region_47,2020-01,0.0,0.0,0.0,0.0
941,region_47,2020-02,0.0,0.0,0.0,0.0
942,region_47,2020-03,0.0,0.0,0.0,0.0
943,region_47,2020-04,0.0,0.0,0.0,0.0
944,region_47,2020-05,0.0,0.0,0.0,0.0
945,region_47,2020-06,0.0,0.0,0.0,0.0
946,region_47,2020-07,187.43,187.43,100.0,0.0
947,region_47,2020-08,712.25,524.8199999999999,2.800085365203009,187.43
948,region_47,2020-09,540.62,-171.63,-0.24096876096876096,712.25
949,region_47,2020-10,879.72,339.1,0.6272427953090896,540.62
950,region_47,2020-11,920.62,40.89999999999998,0.0464920656572545,879.72
951,region_47,2020-12,804.13,-116.49000000000001,-0.12653429210749279,920.62
952,region_47,2021-01,1175.41,371.2800000000001,0.4617163891410594,804.13
953,region_47,2021-02,916.29,-259.1200000000001,-0.22045073633880952,1175.41
954,region_47,2021-03,1073.01,156.72000000000003,0.17103755361293915,916.29
955,region_47,2021-04,2074.63,1001.6200000000001,0.9334675352513024,1073.01
956,region_47,2021-05,1616.96,-457.6700000000001,-0.22060319189445832,2074.63
957,region_47,2021-06,683.33,-933.63,-0.5773983277261032,1616.96
958,region_47,2021-07,1017.5,334.16999999999996,0.48903165381294533,683.33
959,region_47,2021-08,1498.61,481.1099999999999,0.4728353808353807,1017.5
960,region_48,2020-01,0.0,0.0,0.0,0.0
961,region_48,2020-02,0.0,0.0,0.0,0.0
962,region_48,2020-03,0.0,0.0,0.0,0.0
963,region_48,2020-04,0.0,0.0,0.0,0.0
964,region_48,2020-05,0.0,0.0,0.0,0.0
965,region_48,2020-06,0.0,0.0,0.0,0.0
966,region_48,2020-07,697.27,697.27,100.0,0.0
967,region_48,2020-08,339.89,-357.38,-0.5125417700460366,697.27
968,region_48,2020-09,991.68,651.79,1.9176498278854925,339.89
969,region_48,2020-10,993.19,1.5100000000001046,0.001522668602775168,991.68
970,region_48,2020-11,200.48,-792.71,-0.7981453699694923,993.19
971,region_48,2020-12,999.28,798.8,3.984437350359138,200.48
972,region_48,2021-01,933.21,-66.06999999999994,-0.0661176046753662,999.28
973,region_48,2021-02,491.57,-441.64000000000004,-0.4732482506616946,933.21
974,region_48,2021-03,952.91,461.34,0.9385031633338079,491.57
975,region_48,2021-04,1427.69,474.7800000000001,0.4982422264432109,952.91
976,region_48,2021-05,1221.42,-206.26999999999998,-0.14447814301423978,1427.69
977,region_48,2021-06,891.66,-329.7600000000001,-0.26998084197082095,1221.42
978,region_48,2021-07,2211.47,1319.81,1.4801718143687053,891.66
979,region_48,2021-08,641.57,-1569.8999999999996,-0.7098898018060384,2211.47
980,region_49,2020-01,0.0,0.0,0.0,0.0
981,region_49,2020-02,0.0,0.0,0.0,0.0
982,region_49,2020-03,0.0,0.0,0.0,0.0
983,region_49,2020-04,0.0,0.0,0.0,0.0
984,region_49,2020-05,0.0,0.0,0.0,0.0
985,region_49,2020-06,0.0,0.0,0.0,0.0
986,region_49,2020-07,143.74,143.74,100.0,0.0
987,region_49,2020-08,287.48,143.74,1.0,143.74
988,region_49,2020-09,1452.32,1164.84,4.051899262557395,287.48
989,region_49,2020-10,531.35,-920.9699999999999,-0.6341371047702985,1452.32
990,region_49,2020-11,762.18,230.82999999999993,0.4344217559047707,531.35
991,region_49,2020-12,796.93,34.75,0.04559290456322662,762.18
992,region_49,2021-01,317.59,-479.34,-0.6014831917483343,796.93
993,region_49,2021-02,1430.43,1112.8400000000001,3.5040146100318026,317.59
994,region_49,2021-03,1194.16,-236.26999999999998,-0.16517410848486114,1430.43
995,region_49,2021-04,835.63,-358.5300000000001,-0.30023614925973074,1194.16
996,region_49,2021-05,1606.51,770.88,0.9225135526488997,835.63
997,region_49,2021-06,559.67,-1046.8400000000001,-0.6516237060460253,1606.51
998,region_49,2021-07,1016.16,456.49,0.8156413600871943,559.67
999,region_49,2021-08,1214.97,198.81000000000006,0.1956483230987247,1016.16
1000,region_50,2020-01,0.0,0.0,0.0,0.0
1001,region_50,2020-02,0.0,0.0,0.0,0.0
1002,region_50,2020-03,0.0,0.0,0.0,0.0
1003,region_50,2020-04,0.0,0.0,0.0,0.0
1004,region_50,2020-05,0.0,0.0,0.0,0.0
1005,region_50,2020-06,0.0,0.0,0.0,0.0
1006,region_50,2020-07,806.52,806.52,100.0,0.0
1007,region_50,2020-08,1996.57,1190.05,1.4755368744730446,806.52
1008,region_50,2020-09,1881.04,-115.52999999999997,-0.05786423716674094,1996.57
1009,region_50,2020-10,1919.3,38.25999999999999,0.02033981201888313,1881.04
1010,region_50,2020-11,1329.63,-589.6699999999998,-0.3072318032616057,1919.3
1011,region_50,2020-12,1841.46,511.8299999999999,0.3849416755037114,1329.63
1012,region_50,2021-01,2121.03,279.57000000000016,0.15181975171874496,1841.46
1013,region_50,2021-02,1292.25,-828.7800000000002,-0.39074411960226874,2121.03
1014,region_50,2021-03,3233.83,1941.58,1.5024801702456956,1292.25
1015,region_50,2021-04,2275.76,-958.0699999999997,-0.2962648005615631,3233.83
1016,region_50,2021-05,1522.52,-753.2400000000002,-0.33098393503708656,2275.76
1017,region_50,2021-06,3539.35,2016.83,1.324665685836639,1522.52
1018,region_50,2021-07,3607.09,67.74000000000024,0.019139107463234772,3539.35
1019,region_50,2021-08,1853.0,-1754.0900000000001,-0.4862895020639907,3607.09
1020,region_51,2020-01,0.0,0.0,0.0,0.0
1021,region_51,2020-02,0.0,0.0,0.0,0.0
1022,region_51,2020-03,0.0,0.0,0.0,0.0
1023,region_51,2020-04,0.0,0.0,0.0,0.0
1024,region_51,2020-05,0.0,0.0,0.0,0.0
1025,region_51,2020-06,0.0,0.0,0.0,0.0
1026,region_51,2020-07,456.08,456.08,100.0,0.0
1027,region_51,2020-08,579.02,122.94,0.2695579722855639,456.08
1028,region_51,2020-09,1376.2,797.1800000000001,1.3767745501018966,579.02
1029,region_51,2020-10,910.19,-466.01,-0.3386208399941869,1376.2
1030,region_51,2020-11,896.38,-13.81000000000006,-0.015172656258583439,910.19
1031,region_51,2020-12,498.05,-398.33,-0.44437626899306093,896.38
1032,region_51,2021-01,896.38,398.33,0.7997791386406987,498.05
1033,region_51,2021-02,794.65,-101.73000000000002,-0.11348981458756335,896.38
1034,region_51,2021-03,851.4,56.75,0.0714150884036997,794.65
1035,region_51,2021-04,905.74,54.34000000000003,0.06382428940568485,851.4
1036,region_51,2021-05,599.11,-306.63,-0.33854086161591623,905.74
1037,region_51,2021-06,1153.34,554.2299999999999,0.9250888818413978,599.11
1038,region_51,2021-07,1561.09,407.75,0.35353841885307014,1153.34
1039,region_51,2021-08,645.51,-915.5799999999999,-0.5865004580133112,1561.09
1040,region_52,2020-01,0.0,0.0,0.0,0.0
1041,region_52,2020-02,0.0,0.0,0.0,0.0
1042,region_52,2020-03,0.0,0.0,0.0,0.0
1043,region_52,2020-04,0.0,0.0,0.0,0.0
1044,region_52,2020-05,0.0,0.0,0.0,0.0
1045,region_52,2020-06,0.0,0.0,0.0,0.0
1046,region_52,2020-07,561.58,561.58,100.0,0.0
1047,region_52,2020-08,2028.71,1467.13,2.61250400655294,561.58
1048,region_52,2020-09,3660.38,1631.67,0.8042894252998212,2028.71
1049,region_52,2020-10,1958.84,-1701.5400000000002,-0.4648533758790071,3660.38
1050,region_52,2020-11,3803.5,1844.66,0.9417104000326726,1958.84
1051,region_52,2020-12,3944.83,141.32999999999993,0.037157880899171714,3803.5
1052,region_52,2021-01,3776.51,-168.3199999999997,-0.04266850536018019,3944.83
1053,region_52,2021-02,4958.43,1181.92,0.312966204246778,3776.51
1054,region_52,2021-03,6685.8,1727.37,0.34837035109903725,4958.43
1055,region_52,2021-04,3323.73,-3362.07,-0.502867270932424,6685.8
1056,region_52,2021-05,6591.59,3267.86,0.9831905720380416,3323.73
1057,region_52,2021-06,5050.7,-1540.8900000000003,-0.23376605644465154,6591.59
1058,region_52,2021-07,5936.2,885.5,0.1753222325618231,5050.7
1059,region_52,2021-08,5742.04,-194.15999999999985,-0.03270779286412184,5936.2
1060,region_53,2020-01,0.0,0.0,0.0,0.0
1061,region_53,2020-02,0.0,0.0,0.0,0.0
1062,region_53,2020-03,0.0,0.0,0.0,0.0
1063,region_53,2020-04,0.0,0.0,0.0,0.0
1064,region_53,2020-05,0.0,0.0,0.0,0.0
1065,region_53,2020-06,0.0,0.0,0.0,0.0
1066,region_53,2020-07,0.0,0.0,0.0,0.0
1067,region_53,2020-08,0.0,0.0,0.0,0.0
1068,region_53,2020-09,35.17,35.17,100.0,0.0
1069,region_53,2020-10,93.22,58.05,1.6505544498151834,35.17
1070,region_53,2020-11,358.69,265.47,2.8477794464707147,93.22
1071,region_53,2020-12,373.8,15.110000000000014,0.042125512280799526,358.69
1072,region_53,2021-01,77.84,-295.96000000000004,-0.7917602996254681,373.8
1073,region_53,2021-02,332.5,254.66,3.2715827338129495,77.84
1074,region_53,2021-03,295.96,-36.54000000000002,-0.10989473684210538,332.5
1075,region_53,2021-04,155.11,-140.84999999999997,-0.4759089066090011,295.96
1076,region_53,2021-05,1103.05,947.9399999999999,6.111404809490039,155.11
1077,region_53,2021-06,178.6,-924.4499999999999,-0.8380853089161869,1103.05
1078,region_53,2021-07,323.64,145.04,0.812094064949608,178.6
1079,region_53,2021-08,435.03,111.38999999999999,0.34417871709306636,323.64
1080,region_54,2020-01,0.0,0.0,0.0,0.0
1081,region_54,2020-02,0.0,0.0,0.0,0.0
1082,region_54,2020-03,0.0,0.0,0.0,0.0
1083,region_54,2020-04,0.0,0.0,0.0,0.0
1084,region_54,2020-05,0.0,0.0,0.0,0.0
1085,region_54,2020-06,0.0,0.0,0.0,0.0
1086,region_54,2020-07,554.86,554.86,100.0,0.0
1087,region_54,2020-08,178.91,-375.95000000000005,-0.6775583029953502,554.86
1088,region_54,2020-09,984.21,805.3000000000001,4.501145827511039,178.91
1089,region_54,2020-10,1725.19,740.98,0.7528677822822365,984.21
1090,region_54,2020-11,1005.41,-719.7800000000001,-0.41721781369008637,1725.19
1091,region_54,2020-12,1179.23,173.82000000000005,0.17288469380650695,1005.41
1092,region_54,2021-01,1259.77,80.53999999999996,0.06829880515251485,1179.23
1093,region_54,2021-02,1116.52,-143.25,-0.11371123300284969,1259.77
1094,region_54,2021-03,1450.23,333.71000000000004,0.2988840325296458,1116.52
1095,region_54,2021-04,1230.87,-219.36000000000013,-0.15125876585093412,1450.23
1096,region_54,2021-05,1462.48,231.61000000000013,0.18816771876802596,1230.87
1097,region_54,2021-06,1142.41,-320.06999999999994,-0.21885427493025544,1462.48
1098,region_54,2021-07,1365.61,223.19999999999982,0.1953764410325538,1142.41
1099,region_54,2021-08,1125.35,-240.26,-0.17593602858795698,1365.61
1100,region_55,2020-01,0.0,0.0,0.0,0.0
1101,region_55,2020-02,0.0,0.0,0.0,0.0
1102,region_55,2020-03,0.0,0.0,0.0,0.0
1103,region_55,2020-04,0.0,0.0,0.0,0.0
1104,region_55,2020-05,0.0,0.0,0.0,0.0
1105,region_55,2020-06,0.0,0.0,0.0,0.0
1106,region_55,2020-07,70.35,70.35,100.0,0.0
1107,region_55,2020-08,87.18,16.830000000000013,0.23923240938166335,70.35
1108,region_55,2020-09,997.24,910.06,10.438862124340444,87.18
1109,region_55,2020-10,1339.33,342.0899999999999,0.3430367815169868,997.24
1110,region_55,2020-11,1098.02,-241.30999999999995,-0.18017217564005883,1339.33
1111,region_55,2020-12,1036.72,-61.299999999999955,-0.0558277627001329,1098.02
1112,region_55,2021-01,1133.17,96.45000000000005,0.09303379890423646,1036.72
1113,region_55,2021-02,1192.33,59.159999999999854,0.05220752402552109,1133.17
1114,region_55,2021-03,1543.96,351.6300000000001,0.2949099662006325,1192.33
1115,region_55,2021-04,947.04,-596.9200000000001,-0.3866162335811809,1543.96
1116,region_55,2021-05,1360.62,413.5799999999999,0.4367080587937151,947.04
1117,region_55,2021-06,1669.4,308.7800000000002,0.2269406594052712,1360.62
1118,region_55,2021-07,1555.5,-113.90000000000009,-0.06822810590631367,1669.4
1119,region_55,2021-08,433.47,-1122.03,-0.7213307618129219,1555.5
1120,region_56,2020-01,0.0,0.0,0.0,0.0
1121,region_56,2020-02,0.0,0.0,0.0,0.0
1122,region_56,2020-03,0.0,0.0,0.0,0.0
1123,region_56,2020-04,0.0,0.0,0.0,0.0
1124,region_56,2020-05,0.0,0.0,0.0,0.0
1125,region_56,2020-06,0.0,0.0,0.0,0.0
1126,region_56,2020-07,0.0,0.0,0.0,0.0
1127,region_56,2020-08,0.0,0.0,0.0,0.0
1128,region_56,2020-09,359.39,359.39,100.0,0.0
1129,region_56,2020-10,56.27,-303.12,-0.8434291438270403,359.39
1130,region_56,2020-11,35.04,-21.230000000000004,-0.3772880753509864,56.27
1131,region_56,2020-12,0.0,-35.04,-1.0,35.04
1132,region_56,2021-01,349.84,349.84,100.0,0.0
1133,region_56,2021-02,104.77,-245.07,-0.7005202378230048,349.84
1134,region_56,2021-03,161.47,56.7,0.5411854538512935,104.77
1135,region_56,2021-04,523.67,362.19999999999993,2.243141140769183,161.47
1136,region_56,2021-05,292.17,-231.49999999999994,-0.44207229743922694,523.67
1137,region_56,2021-06,250.58,-41.59,-0.14234863264537767,292.17
1138,region_56,2021-07,847.31,596.7299999999999,2.381395163221326,250.58
1139,region_56,2021-08,304.46,-542.8499999999999,-0.6406746055162809,847.31
1140,region_57,2020-01,0.0,0.0,0.0,0.0
1141,region_57,2020-02,0.0,0.0,0.0,0.0
1142,region_57,2020-03,0.0,0.0,0.0,0.0
1143,region_57,2020-04,0.0,0.0,0.0,0.0
1144,region_57,2020-05,0.0,0.0,0.0,0.0
1145,region_57,2020-06,0.0,0.0,0.0,0.0
1146,region_57,2020-07,868.59,868.59,100.0,0.0
1147,region_57,2020-08,779.45,-89.13999999999999,-0.10262609516572829,868.59
1148,region_57,2020-09,1282.0,502.54999999999995,0.6447495028545769,779.45
1149,region_57,2020-10,2182.87,900.8699999999999,0.7027067082683307,1282.0
1150,region_57,2020-11,1618.06,-564.81,-0.2587465126187084,2182.87
1151,region_57,2020-12,1825.84,207.77999999999997,0.12841303783543245,1618.06
1152,region_57,2021-01,1923.88,98.04000000000019,0.05369583315076909,1825.84
1153,region_57,2021-02,850.54,-1073.3400000000001,-0.5579038193650332,1923.88
1154,region_57,2021-03,2327.86,1477.3200000000002,1.7369200743057354,850.54
1155,region_57,2021-04,3436.35,1108.4899999999998,0.47618413478473776,2327.86
1156,region_57,2021-05,2273.21,-1163.1399999999999,-0.3384812373594075,3436.35
1157,region_57,2021-06,2982.85,709.6399999999999,0.3121752939675613,2273.21
1158,region_57,2021-07,3975.03,992.1800000000003,0.33262819115946174,2982.85
1159,region_57,2021-08,3215.71,-759.3200000000002,-0.1910224576921432,3975.03
1160,region_58,2020-01,0.0,0.0,0.0,0.0
1161,region_58,2020-02,0.0,0.0,0.0,0.0
1162,region_58,2020-03,0.0,0.0,0.0,0.0
1163,region_58,2020-04,0.0,0.0,0.0,0.0
1164,region_58,2020-05,0.0,0.0,0.0,0.0
1165,region_58,2020-06,0.0,0.0,0.0,0.0
1166,region_58,2020-07,0.0,0.0,0.0,0.0
1167,region_58,2020-08,0.0,0.0,0.0,0.0
1168,region_58,2020-09,183.88,183.88,100.0,0.0
1169,region_58,2020-10,243.4,59.52000000000001,0.3236893626278008,183.88
1170,region_58,2020-11,263.21,19.809999999999974,0.08138866064092021,243.4
1171,region_58,2020-12,218.64,-44.56999999999999,-0.16933247217051017,263.21
1172,region_58,2021-01,664.41,445.77,2.0388309549945114,218.64
1173,region_58,2021-02,155.9,-508.51,-0.7653557291431495,664.41
1174,region_58,2021-03,414.92,259.02,1.66144964720975,155.9
1175,region_58,2021-04,917.28,502.35999999999996,1.2107394196471608,414.92
1176,region_58,2021-05,398.68,-518.5999999999999,-0.5653671725100297,917.28
1177,region_58,2021-06,709.22,310.54,0.7789204374435639,398.68
1178,region_58,2021-07,708.21,-1.009999999999991,-0.0014240997151800938,709.22
1179,region_58,2021-08,757.6,49.389999999999986,0.06973920164922842,708.21
1180,region_59,2020-01,0.0,0.0,0.0,0.0
1181,region_59,2020-02,0.0,0.0,0.0,0.0
1182,region_59,2020-03,0.0,0.0,0.0,0.0
1183,region_59,2020-04,0.0,0.0,0.0,0.0
1184,region_59,2020-05,0.0,0.0,0.0,0.0
1185,region_59,2020-06,0.0,0.0,0.0,0.0
1186,region_59,2020-07,164.43,164.43,100.0,0.0
1187,region_59,2020-08,265.11,100.68,0.6122970260901295,164.43
1188,region_59,2020-09,9.49,-255.62,-0.9642035381539739,265.11
1189,region_59,2020-10,347.52,338.03,35.61959957850369,9.49
1190,region_59,2020-11,245.57,-101.94999999999999,-0.2933644106813996,347.52
1191,region_59,2020-12,633.18,387.60999999999996,1.5784094148308019,245.57
1192,region_59,2021-01,826.31,193.13,0.3050159512302979,633.18
1193,region_59,2021-02,556.31,-270.0,-0.3267538817150949,826.31
1194,region_59,2021-03,786.6,230.29000000000008,0.41395984253383933,556.31
1195,region_59,2021-04,606.05,-180.55000000000007,-0.22953216374269014,786.6
1196,region_59,2021-05,355.83,-250.21999999999997,-0.41287022522894146,606.05
1197,region_59,2021-06,316.87,-38.95999999999998,-0.10949048703032338,355.83
1198,region_59,2021-07,278.27,-38.60000000000002,-0.12181651781487679,316.87
1199,region_59,2021-08,1392.59,1114.32,4.0044561037840944,278.27
1200,region_60,2020-01,0.0,0.0,0.0,0.0
1201,region_60,2020-02,0.0,0.0,0.0,0.0
1202,region_60,2020-03,0.0,0.0,0.0,0.0
1203,region_60,2020-04,0.0,0.0,0.0,0.0
1204,region_60,2020-05,0.0,0.0,0.0,0.0
1205,region_60,2020-06,0.0,0.0,0.0,0.0
1206,region_60,2020-07,0.0,0.0,0.0,0.0
1207,region_60,2020-08,175.86,175.86,100.0,0.0
1208,region_60,2020-09,111.79,-64.07000000000001,-0.36432389400659615,175.86
1209,region_60,2020-10,132.25,20.459999999999994,0.18302173718579473,111.79
1210,region_60,2020-11,0.0,-132.25,-1.0,132.25
1211,region_60,2020-12,45.09,45.09,100.0,0.0
1212,region_60,2021-01,193.93,148.84,3.3009536482590374,45.09
1213,region_60,2021-02,484.74,290.81,1.4995616975197237,193.93
1214,region_60,2021-03,310.22,-174.51999999999998,-0.36002805627759205,484.74
1215,region_60,2021-04,77.56,-232.66000000000003,-0.7499838824060344,310.22
1216,region_60,2021-05,256.15,178.58999999999997,2.302604435275915,77.56
1217,region_60,2021-06,174.52,-81.62999999999997,-0.3186804606675775,256.15
1218,region_60,2021-07,77.56,-96.96000000000001,-0.5555810222324089,174.52
1219,region_60,2021-08,308.03,230.46999999999997,2.971505930892212,77.56
1220,region_61,2020-01,0.0,0.0,0.0,0.0
1221,region_61,2020-02,0.0,0.0,0.0,0.0
1222,region_61,2020-03,0.0,0.0,0.0,0.0
1223,region_61,2020-04,0.0,0.0,0.0,0.0
1224,region_61,2020-05,0.0,0.0,0.0,0.0
1225,region_61,2020-06,0.0,0.0,0.0,0.0
1226,region_61,2020-07,399.01,399.01,100.0,0.0
1227,region_61,2020-08,325.87,-73.13999999999999,-0.1833036765995839,399.01
1228,region_61,2020-09,225.76,-100.11000000000001,-0.3072083959861295,325.87
1229,region_61,2020-10,692.45,466.69000000000005,2.067195251594614,225.76
1230,region_61,2020-11,211.34,-481.11,-0.6947938479312585,692.45
1231,region_61,2020-12,309.29,97.95000000000002,0.46347118387432573,211.34
1232,region_61,2021-01,412.26,102.96999999999997,0.3329237932037892,309.29
1233,region_61,2021-02,465.33,53.06999999999999,0.12872944258477648,412.26
1234,region_61,2021-03,689.81,224.47999999999996,0.4824103324522382,465.33
1235,region_61,2021-04,529.83,-159.9799999999999,-0.23191893419927212,689.81
1236,region_61,2021-05,333.71,-196.12000000000006,-0.37015646528131674,529.83
1237,region_61,2021-06,230.47,-103.23999999999998,-0.3093704114350784,333.71
1238,region_61,2021-07,142.06,-88.41,-0.3836074109428559,230.47
1239,region_61,2021-08,560.1,418.04,2.942700267492609,142.06
1240,region_62,2020-01,0.0,0.0,0.0,0.0
1241,region_62,2020-02,0.0,0.0,0.0,0.0
1242,region_62,2020-03,0.0,0.0,0.0,0.0
1243,region_62,2020-04,0.0,0.0,0.0,0.0
1244,region_62,2020-05,0.0,0.0,0.0,0.0
1245,region_62,2020-06,0.0,0.0,0.0,0.0
1246,region_62,2020-07,132.25,132.25,100.0,0.0
1247,region_62,2020-08,131.87,-0.37999999999999545,-0.0028733459357277447,132.25
1248,region_62,2020-09,48.56,-83.31,-0.6317585500872072,131.87
1249,region_62,2020-10,192.3,143.74,2.9600494233937398,48.56
1250,region_62,2020-11,245.7,53.39999999999998,0.2776911076443056,192.3
1251,region_62,2020-12,32.74,-212.95999999999998,-0.8667480667480667,245.7
1252,region_62,2021-01,333.71,300.96999999999997,9.192730604764812,32.74
1253,region_62,2021-02,155.11,-178.59999999999997,-0.5351952293907883,333.71
1254,region_62,2021-03,96.97,-58.140000000000015,-0.37483076526336156,155.11
1255,region_62,2021-04,308.03,211.05999999999997,2.176549448282974,96.97
1256,region_62,2021-05,122.65,-185.37999999999997,-0.6018244976138687,308.03
1257,region_62,2021-06,309.05,186.4,1.5197717081125153,122.65
1258,region_62,2021-07,478.75,169.7,0.5491020870409318,309.05
1259,region_62,2021-08,65.49,-413.26,-0.8632062663185378,478.75
1260,region_63,2020-01,0.0,0.0,0.0,0.0
1261,region_63,2020-02,0.0,0.0,0.0,0.0
1262,region_63,2020-03,0.0,0.0,0.0,0.0
1263,region_63,2020-04,0.0,0.0,0.0,0.0
1264,region_63,2020-05,0.0,0.0,0.0,0.0
1265,region_63,2020-06,0.0,0.0,0.0,0.0
1266,region_63,2020-07,483.68,483.68,100.0,0.0
1267,region_63,2020-08,1009.57,525.8900000000001,1.0872684419450875,483.68
1268,region_63,2020-09,904.03,-105.54000000000008,-0.10453955644482316,1009.57
1269,region_63,2020-10,1239.13,335.10000000000014,0.3706735395949252,904.03
1270,region_63,2020-11,1036.54,-202.59000000000015,-0.16349374157675156,1239.13
1271,region_63,2020-12,1087.17,50.63000000000011,0.04884519651918895,1036.54
1272,region_63,2021-01,1517.91,430.74,0.3962029857336018,1087.17
1273,region_63,2021-02,1345.66,-172.25,-0.1134784012227339,1517.91
1274,region_63,2021-03,1647.62,301.9599999999998,0.22439546393591225,1345.66
1275,region_63,2021-04,1951.56,303.94000000000005,0.1844721477039608,1647.62
1276,region_63,2021-05,1530.94,-420.6199999999999,-0.21553013999057158,1951.56
1277,region_63,2021-06,1955.29,424.3499999999999,0.2771826459560791,1530.94
1278,region_63,2021-07,1904.38,-50.909999999999854,-0.02603705844145876,1955.29
1279,region_63,2021-08,2294.44,390.05999999999995,0.20482256692466838,1904.38
1280,region_64,2020-01,0.0,0.0,0.0,0.0
1281,region_64,2020-02,0.0,0.0,0.0,0.0
1282,region_64,2020-03,0.0,0.0,0.0,0.0
1283,region_64,2020-04,0.0,0.0,0.0,0.0
1284,region_64,2020-05,0.0,0.0,0.0,0.0
1285,region_64,2020-06,0.0,0.0,0.0,0.0
1286,region_64,2020-07,104.82,104.82,100.0,0.0
1287,region_64,2020-08,167.46,62.640000000000015,0.5975958786491129,104.82
1288,region_64,2020-09,213.1,45.639999999999986,0.27254269676340614,167.46
1289,region_64,2020-10,1667.45,1454.3500000000001,6.8247301736274055,213.1
1290,region_64,2020-11,1207.26,-460.19000000000005,-0.2759842873849291,1667.45
1291,region_64,2020-12,2483.46,1276.2,1.0571045176681082,1207.26
1292,region_64,2021-01,1452.15,-1031.31,-0.415271435819381,2483.46
1293,region_64,2021-02,1100.92,-351.23,-0.24186895293185962,1452.15
1294,region_64,2021-03,3443.67,2342.75,2.12799295134978,1100.92
1295,region_64,2021-04,1659.65,-1784.02,-0.5180577697630725,3443.67
1296,region_64,2021-05,1608.69,-50.960000000000036,-0.030705269183261552,1659.65
1297,region_64,2021-06,2729.29,1120.6,0.696591636673318,1608.69
1298,region_64,2021-07,1830.78,-898.51,-0.3292101608843325,2729.29
1299,region_64,2021-08,944.05,-886.73,-0.4843454702367297,1830.78
1300,region_65,2020-01,0.0,0.0,0.0,0.0
1301,region_65,2020-02,0.0,0.0,0.0,0.0
1302,region_65,2020-03,0.0,0.0,0.0,0.0
1303,region_65,2020-04,0.0,0.0,0.0,0.0
1304,region_65,2020-05,0.0,0.0,0.0,0.0
1305,region_65,2020-06,0.0,0.0,0.0,0.0
1306,region_65,2020-07,35.17,35.17,100.0,0.0
1307,region_65,2020-08,307.42,272.25,7.74097241967586,35.17
1308,region_65,2020-09,438.58,131.15999999999997,0.4266475831110532,307.42
1309,region_65,2020-10,494.55,55.97000000000003,0.127616398376579,438.58
1310,region_65,2020-11,514.83,20.28000000000003,0.041006976038823195,494.55
1311,region_65,2020-12,768.36,253.52999999999997,0.49245381970747615,514.83
1312,region_65,2021-01,1000.18,231.81999999999994,0.3017075329272736,768.36
1313,region_65,2021-02,859.14,-141.03999999999996,-0.14101461736887355,1000.18
1314,region_65,2021-03,1351.8,492.65999999999997,0.5734338990152943,859.14
1315,region_65,2021-04,1038.72,-313.0799999999999,-0.23160230803373272,1351.8
1316,region_65,2021-05,975.01,-63.710000000000036,-0.061335104744300706,1038.72
1317,region_65,2021-06,965.95,-9.059999999999945,-0.009292212387565169,975.01
1318,region_65,2021-07,1439.44,473.49,0.49018065117242093,965.95
1319,region_65,2021-08,683.82,-755.62,-0.5249402545434335,1439.44
1320,region_66,2020-01,0.0,0.0,0.0,0.0
1321,region_66,2020-02,0.0,0.0,0.0,0.0
1322,region_66,2020-03,0.0,0.0,0.0,0.0
1323,region_66,2020-04,0.0,0.0,0.0,0.0
1324,region_66,2020-05,0.0,0.0,0.0,0.0
1325,region_66,2020-06,0.0,0.0,0.0,0.0
1326,region_66,2020-07,37.62,37.62,100.0,0.0
1327,region_66,2020-08,941.41,903.79,24.024189261031367,37.62
1328,region_66,2020-09,639.61,-301.79999999999995,-0.32058295535420267,941.41
1329,region_66,2020-10,154.07,-485.54,-0.7591188380419318,639.61
1330,region_66,2020-11,759.38,605.31,3.928798598039852,154.07
1331,region_66,2020-12,405.56,-353.82,-0.4659327345992783,759.38
1332,region_66,2021-01,514.27,108.70999999999998,0.26804911726994773,405.56
1333,region_66,2021-02,241.51,-272.76,-0.5303828728100025,514.27
1334,region_66,2021-03,592.85,351.34000000000003,1.4547637778973956,241.51
1335,region_66,2021-04,978.43,385.5799999999999,0.6503837395631271,592.85
1336,region_66,2021-05,715.49,-262.93999999999994,-0.26873664953037,978.43
1337,region_66,2021-06,817.05,101.55999999999995,0.14194468126738302,715.49
1338,region_66,2021-07,968.84,151.79000000000008,0.18577810415519247,817.05
1339,region_66,2021-08,679.25,-289.59000000000003,-0.29890384377193346,968.84
1340,region_67,2020-01,0.0,0.0,0.0,0.0
1341,region_67,2020-02,0.0,0.0,0.0,0.0
1342,region_67,2020-03,0.0,0.0,0.0,0.0
1343,region_67,2020-04,0.0,0.0,0.0,0.0
1344,region_67,2020-05,0.0,0.0,0.0,0.0
1345,region_67,2020-06,0.0,0.0,0.0,0.0
1346,region_67,2020-07,104.11,104.11,100.0,0.0
1347,region_67,2020-08,427.18,323.07,3.1031601191047935,104.11
1348,region_67,2020-09,285.63,-141.55,-0.33135914602743577,427.18
1349,region_67,2020-10,283.03,-2.6000000000000227,-0.009102685292161294,285.63
1350,region_67,2020-11,597.2,314.1700000000001,1.1100236724022192,283.03
1351,region_67,2020-12,746.96,149.76,0.25077026121902213,597.2
1352,region_67,2021-01,1201.97,455.01,0.6091490842883152,746.96
1353,region_67,2021-02,1020.15,-181.82000000000005,-0.15126833448422172,1201.97
1354,region_67,2021-03,2513.26,1493.1100000000001,1.463618095378131,1020.15
1355,region_67,2021-04,1353.58,-1159.6800000000003,-0.46142460390090967,2513.26
1356,region_67,2021-05,1140.75,-212.82999999999993,-0.15723488822234366,1353.58
1357,region_67,2021-06,2337.63,1196.88,1.0492044707429322,1140.75
1358,region_67,2021-07,2003.54,-334.09000000000015,-0.14291825481363607,2337.63
1359,region_67,2021-08,856.06,-1147.48,-0.5727262744941454,2003.54
1360,region_68,2020-01,0.0,0.0,0.0,0.0
1361,region_68,2020-02,0.0,0.0,0.0,0.0
1362,region_68,2020-03,0.0,0.0,0.0,0.0
1363,region_68,2020-04,0.0,0.0,0.0,0.0
1364,region_68,2020-05,0.0,0.0,0.0,0.0
1365,region_68,2020-06,0.0,0.0,0.0,0.0
1366,region_68,2020-07,783.19,783.19,100.0,0.0
1367,region_68,2020-08,431.22,-351.97,-0.44940563592487137,783.19
1368,region_68,2020-09,460.78,29.559999999999945,0.0685496962107508,431.22
1369,region_68,2020-10,503.46,42.68000000000001,0.09262554798385358,460.78
1370,region_68,2020-11,713.02,209.56,0.4162396218170261,503.46
1371,region_68,2020-12,588.06,-124.96000000000004,-0.17525455106448629,713.02
1372,region_68,2021-01,625.01,36.950000000000045,0.06283372444988622,588.06
1373,region_68,2021-02,1721.2,1096.19,1.7538759379849922,625.01
1374,region_68,2021-03,142.06,-1579.14,-0.9174645596095747,1721.2
1375,region_68,2021-04,193.93,51.870000000000005,0.3651274109531184,142.06
1376,region_68,2021-05,732.43,538.5,2.776775125045119,193.93
1377,region_68,2021-06,552.62,-179.80999999999995,-0.2454978632770367,732.43
1378,region_68,2021-07,833.2,280.58000000000004,0.5077268285621224,552.62
1379,region_68,2021-08,1419.87,586.6699999999998,0.7041166586653862,833.2
1380,region_69,2020-01,0.0,0.0,0.0,0.0
1381,region_69,2020-02,0.0,0.0,0.0,0.0
1382,region_69,2020-03,0.0,0.0,0.0,0.0
1383,region_69,2020-04,0.0,0.0,0.0,0.0
1384,region_69,2020-05,0.0,0.0,0.0,0.0
1385,region_69,2020-06,0.0,0.0,0.0,0.0
1386,region_69,2020-07,444.57,444.57,100.0,0.0
1387,region_69,2020-08,1630.97,1186.4,2.6686461074746384,444.57
1388,region_69,2020-09,1710.0,79.02999999999997,0.048455826900556165,1630.97
1389,region_69,2020-10,1897.01,187.01,0.10936257309941522,1710.0
1390,region_69,2020-11,2076.95,179.93999999999983,0.0948545342407261,1897.01
1391,region_69,2020-12,1989.3,-87.64999999999986,-0.04220130479790074,2076.95
1392,region_69,2021-01,2089.86,100.56000000000017,0.050550444880108625,1989.3
1393,region_69,2021-02,1923.6,-166.26000000000022,-0.07955556831558108,2089.86
1394,region_69,2021-03,2130.6,207.0,0.10761072988147236,1923.6
1395,region_69,2021-04,2959.87,829.27,0.38921899934290805,2130.6
1396,region_69,2021-05,3556.92,597.0500000000002,0.2017149401831837,2959.87
1397,region_69,2021-06,2734.02,-822.9000000000001,-0.23135184372996864,3556.92
1398,region_69,2021-07,4130.43,1396.4100000000003,0.5107533960980535,2734.02
1399,region_69,2021-08,2486.58,-1643.8500000000004,-0.3979851976670711,4130.43
1400,region_70,2020-01,0.0,0.0,0.0,0.0
1401,region_70,2020-02,0.0,0.0,0.0,0.0
1402,region_70,2020-03,0.0,0.0,0.0,0.0
1403,region_70,2020-04,0.0,0.0,0.0,0.0
1404,region_70,2020-05,0.0,0.0,0.0,0.0
1405,region_70,2020-06,0.0,0.0,0.0,0.0
1406,region_70,2020-07,1073.73,1073.73,100.0,0.0
1407,region_70,2020-08,873.07,-200.65999999999997,-0.1868812457507939,1073.73
1408,region_70,2020-09,1013.97,140.89999999999998,0.16138453961308952,873.07
1409,region_70,2020-10,2029.12,1015.1499999999999,1.0011637425170368,1013.97
1410,region_70,2020-11,2242.88,213.76000000000022,0.10534615991168605,2029.12
1411,region_70,2020-12,1823.67,-419.21000000000004,-0.18690701241261232,2242.88
1412,region_70,2021-01,1857.61,33.93999999999983,0.018610823230079898,1823.67
1413,region_70,2021-02,1375.37,-482.24,-0.2596023923213161,1857.61
1414,region_70,2021-03,3400.03,2024.6600000000003,1.4720838756116539,1375.37
1415,region_70,2021-04,1812.41,-1587.6200000000001,-0.4669429387387758,3400.03
1416,region_70,2021-05,1521.72,-290.69000000000005,-0.1603886537814292,1812.41
1417,region_70,2021-06,2320.83,799.1099999999999,0.5251360302815236,1521.72
1418,region_70,2021-07,2829.14,508.30999999999995,0.2190207813583933,2320.83
1419,region_70,2021-08,1498.79,-1330.35,-0.47023123634744124,2829.14
1420,region_71,2020-01,0.0,0.0,0.0,0.0
1421,region_71,2020-02,0.0,0.0,0.0,0.0
1422,region_71,2020-03,0.0,0.0,0.0,0.0
1423,region_71,2020-04,0.0,0.0,0.0,0.0
1424,region_71,2020-05,0.0,0.0,0.0,0.0
1425,region_71,2020-06,0.0,0.0,0.0,0.0
1426,region_71,2020-07,519.43,519.43,100.0,0.0
1427,region_71,2020-08,366.76,-152.66999999999996,-0.2939183335579385,519.43
1428,region_71,2020-09,429.34,62.579999999999984,0.17062929436143515,366.76
1429,region_71,2020-10,681.09,251.75000000000006,0.5863651185540599,429.34
1430,region_71,2020-11,429.12,-251.97000000000003,-0.36995110778311235,681.09
1431,region_71,2020-12,662.92,233.79999999999995,0.544835943325876,429.12
1432,region_71,2021-01,1190.27,527.35,0.7954956857539373,662.92
1433,region_71,2021-02,1802.04,611.77,0.5139758206121301,1190.27
1434,region_71,2021-03,819.03,-983.01,-0.5454984351068789,1802.04
1435,region_71,2021-04,420.61,-398.41999999999996,-0.4864534876622345,819.03
1436,region_71,2021-05,1480.15,1059.54,2.5190556572596945,420.61
1437,region_71,2021-06,1580.67,100.51999999999998,0.0679120359423031,1480.15
1438,region_71,2021-07,1361.52,-219.1500000000001,-0.1386437396800092,1580.67
1439,region_71,2021-08,1730.73,369.21000000000004,0.27117486338797825,1361.52
1440,region_72,2020-01,0.0,0.0,0.0,0.0
1441,region_72,2020-02,0.0,0.0,0.0,0.0
1442,region_72,2020-03,0.0,0.0,0.0,0.0
1443,region_72,2020-04,0.0,0.0,0.0,0.0
1444,region_72,2020-05,0.0,0.0,0.0,0.0
1445,region_72,2020-06,0.0,0.0,0.0,0.0
1446,region_72,2020-07,63.31,63.31,100.0,0.0
1447,region_72,2020-08,0.0,-63.31,-1.0,63.31
1448,region_72,2020-09,174.46,174.46,100.0,0.0
1449,region_72,2020-10,48.56,-125.9,-0.7216553937865413,174.46
1450,region_72,2020-11,0.0,-48.56,-1.0,48.56
1451,region_72,2020-12,367.01,367.01,100.0,0.0
1452,region_72,2021-01,367.24,0.2300000000000182,0.0006266859213646114,367.01
1453,region_72,2021-02,195.2,-172.04000000000002,-0.46846748720182996,367.24
1454,region_72,2021-03,58.94,-136.26,-0.6980532786885245,195.2
1455,region_72,2021-04,197.49,138.55,2.350695622667119,58.94
1456,region_72,2021-05,263.45,65.95999999999998,0.33399159451111426,197.49
1457,region_72,2021-06,58.94,-204.51,-0.7762763332700702,263.45
1458,region_72,2021-07,86.68,27.74000000000001,0.47064811672887696,58.94
1459,region_72,2021-08,299.74,213.06,2.4580064605445315,86.68
1460,region_73,2020-01,0.0,0.0,0.0,0.0
1461,region_73,2020-02,0.0,0.0,0.0,0.0
1462,region_73,2020-03,0.0,0.0,0.0,0.0
1463,region_73,2020-04,0.0,0.0,0.0,0.0
1464,region_73,2020-05,0.0,0.0,0.0,0.0
1465,region_73,2020-06,0.0,0.0,0.0,0.0
1466,region_73,2020-07,152.67,152.67,100.0,0.0
1467,region_73,2020-08,319.68,167.01000000000002,1.093928080172922,152.67
1468,region_73,2020-09,576.5,256.82,0.8033658658658658,319.68
1469,region_73,2020-10,395.66,-180.83999999999997,-0.3136860364267129,576.5
1470,region_73,2020-11,896.09,500.43,1.2647980589394936,395.66
1471,region_73,2020-12,992.08,95.99000000000001,0.10712093651307342,896.09
1472,region_73,2021-01,278.27,-713.8100000000001,-0.7195085073784373,992.08
1473,region_73,2021-02,482.55,204.28000000000003,0.7341071621087434,278.27
1474,region_73,2021-03,401.2,-81.35000000000002,-0.1685835664697959,482.55
1475,region_73,2021-04,709.22,308.02000000000004,0.7677467597208376,401.2
1476,region_73,2021-05,349.04,-360.18,-0.5078536984292603,709.22
1477,region_73,2021-06,844.92,495.87999999999994,1.4206967682787068,349.04
1478,region_73,2021-07,96.97,-747.9499999999999,-0.8852317379160157,844.92
1479,region_73,2021-08,349.04,252.07000000000002,2.5994637516757764,96.97
1480,region_74,2020-01,0.0,0.0,0.0,0.0
1481,region_74,2020-02,0.0,0.0,0.0,0.0
1482,region_74,2020-03,0.0,0.0,0.0,0.0
1483,region_74,2020-04,0.0,0.0,0.0,0.0
1484,region_74,2020-05,0.0,0.0,0.0,0.0
1485,region_74,2020-06,0.0,0.0,0.0,0.0
1486,region_74,2020-07,750.51,750.51,100.0,0.0
1487,region_74,2020-08,800.04,49.52999999999997,0.06599512331614488,750.51
1488,region_74,2020-09,1198.59,398.54999999999995,0.49816259187040646,800.04
1489,region_74,2020-10,995.39,-203.19999999999993,-0.16953253406085478,1198.59
1490,region_74,2020-11,1211.41,216.0200000000001,0.2170204643406104,995.39
1491,region_74,2020-12,1045.28,-166.1300000000001,-0.13713771555460175,1211.41
1492,region_74,2021-01,1752.65,707.3700000000001,0.676727766722792,1045.28
1493,region_74,2021-02,1329.13,-423.52,-0.241645508230394,1752.65
1494,region_74,2021-03,1152.05,-177.08000000000015,-0.13323000759895587,1329.13
1495,region_74,2021-04,1120.78,-31.269999999999982,-0.02714291914413436,1152.05
1496,region_74,2021-05,1455.45,334.6700000000001,0.29860454326451236,1120.78
1497,region_74,2021-06,1267.84,-187.61000000000013,-0.12890171424645303,1455.45
1498,region_74,2021-07,985.56,-282.28,-0.22264639071176173,1267.84
1499,region_74,2021-08,1834.75,849.19,0.8616319655830189,985.56
1500,region_75,2020-01,0.0,0.0,0.0,0.0
1501,region_75,2020-02,0.0,0.0,0.0,0.0
1502,region_75,2020-03,0.0,0.0,0.0,0.0
1503,region_75,2020-04,0.0,0.0,0.0,0.0
1504,region_75,2020-05,0.0,0.0,0.0,0.0
1505,region_75,2020-06,0.0,0.0,0.0,0.0
1506,region_75,2020-07,28.13,28.13,100.0,0.0
1507,region_75,2020-08,351.7,323.57,11.502666192676857,28.13
1508,region_75,2020-09,289.41,-62.289999999999964,-0.1771111742962751,351.7
1509,region_75,2020-10,692.61,403.2,1.3931792267026015,289.41
1510,region_75,2020-11,261.95,-430.66,-0.6217929281991308,692.61
1511,region_75,2020-12,270.72,8.770000000000039,0.03347967169307142,261.95
1512,region_75,2021-01,468.0,197.27999999999997,0.728723404255319,270.72
1513,region_75,2021-02,976.18,508.17999999999995,1.0858547008547008,468.0
1514,region_75,2021-03,710.76,-265.41999999999996,-0.27189657645106435,976.18
1515,region_75,2021-04,450.59,-260.17,-0.3660447971185773,710.76
1516,region_75,2021-05,673.71,223.12000000000006,0.49517299540602333,450.59
1517,region_75,2021-06,514.58,-159.13,-0.23619955173591012,673.71
1518,region_75,2021-07,819.05,304.4699999999999,0.5916864238796686,514.58
1519,region_75,2021-08,767.66,-51.389999999999986,-0.06274342225749341,819.05
1520,region_76,2020-01,0.0,0.0,0.0,0.0
1521,region_76,2020-02,0.0,0.0,0.0,0.0
1522,region_76,2020-03,0.0,0.0,0.0,0.0
1523,region_76,2020-04,0.0,0.0,0.0,0.0
1524,region_76,2020-05,0.0,0.0,0.0,0.0
1525,region_76,2020-06,0.0,0.0,0.0,0.0
1526,region_76,2020-07,0.0,0.0,0.0,0.0
1527,region_76,2020-08,70.35,70.35,100.0,0.0
1528,region_76,2020-09,126.88,56.53,0.8035536602700784,70.35
1529,region_76,2020-10,70.78,-56.099999999999994,-0.44215006305170235,126.88
1530,region_76,2020-11,332.44,261.65999999999997,3.696807007629274,70.78
1531,region_76,2020-12,77.84,-254.6,-0.7658524846588858,332.44
1532,region_76,2021-01,618.11,540.27,6.940775950668037,77.84
1533,region_76,2021-02,714.85,96.74000000000001,0.1565093591755513,618.11
1534,region_76,2021-03,181.87,-532.98,-0.7455829894383437,714.85
1535,region_76,2021-04,308.03,126.15999999999997,0.6936823005443447,181.87
1536,region_76,2021-05,298.7,-9.329999999999984,-0.030289257539850012,308.03
1537,region_76,2021-06,578.82,280.12000000000006,0.9377971208570475,298.7
1538,region_76,2021-07,517.34,-61.48000000000002,-0.10621609481358629,578.82
1539,region_76,2021-08,324.43,-192.91000000000003,-0.3728882359763406,517.34
1540,region_77,2020-01,0.0,0.0,0.0,0.0
1541,region_77,2020-02,0.0,0.0,0.0,0.0
1542,region_77,2020-03,0.0,0.0,0.0,0.0
1543,region_77,2020-04,0.0,0.0,0.0,0.0
1544,region_77,2020-05,0.0,0.0,0.0,0.0
1545,region_77,2020-06,0.0,0.0,0.0,0.0
1546,region_77,2020-07,0.0,0.0,0.0,0.0
1547,region_77,2020-08,0.0,0.0,0.0,0.0
1548,region_77,2020-09,139.29,139.29,100.0,0.0
1549,region_77,2020-10,178.91,39.620000000000005,0.2844425299734368,139.29
1550,region_77,2020-11,411.77,232.85999999999999,1.3015482644905259,178.91
1551,region_77,2020-12,327.44,-84.32999999999998,-0.20479879544405855,411.77
1552,region_77,2021-01,96.97,-230.47,-0.7038541412167114,327.44
1553,region_77,2021-02,230.47,133.5,1.3767144477673505,96.97
1554,region_77,2021-03,420.61,190.14000000000001,0.8250097626589146,230.47
1555,region_77,2021-04,174.52,-246.09,-0.5850788141033261,420.61
1556,region_77,2021-05,243.8,69.28,0.39697455878982346,174.52
1557,region_77,2021-06,32.74,-211.06,-0.8657095980311731,243.8
1558,region_77,2021-07,174.8,142.06,4.339034819792303,32.74
1559,region_77,2021-08,350.31,175.51,1.0040617848970252,174.8
1560,region_78,2020-01,0.0,0.0,0.0,0.0
1561,region_78,2020-02,0.0,0.0,0.0,0.0
1562,region_78,2020-03,0.0,0.0,0.0,0.0
1563,region_78,2020-04,0.0,0.0,0.0,0.0
1564,region_78,2020-05,0.0,0.0,0.0,0.0
1565,region_78,2020-06,0.0,0.0,0.0,0.0
1566,region_78,2020-07,151.16,151.16,100.0,0.0
1567,region_78,2020-08,187.43,36.27000000000001,0.23994442974331842,151.16
1568,region_78,2020-09,376.47,189.04000000000002,1.008589873552793,187.43
1569,region_78,2020-10,320.38,-56.09000000000003,-0.14898929529577398,376.47
1570,region_78,2020-11,1443.54,1123.1599999999999,3.505711967039141,320.38
1571,region_78,2020-12,924.87,-518.67,-0.35930421048256367,1443.54
1572,region_78,2021-01,585.37,-339.5,-0.36707861645420437,924.87
1573,region_78,2021-02,1035.98,450.61,0.7697866306780328,585.37
1574,region_78,2021-03,1167.88,131.9000000000001,0.1273190602135177,1035.98
1575,region_78,2021-04,756.14,-411.7400000000001,-0.3525533445216975,1167.88
1576,region_78,2021-05,1592.39,836.2500000000001,1.1059459888380458,756.14
1577,region_78,2021-06,601.23,-991.1600000000001,-0.622435458650205,1592.39
1578,region_78,2021-07,1675.01,1073.78,1.7859720905477103,601.23
1579,region_78,2021-08,1488.12,-186.8900000000001,-0.11157545328087604,1675.01
1580,region_79,2020-01,0.0,0.0,0.0,0.0
1581,region_79,2020-02,0.0,0.0,0.0,0.0
1582,region_79,2020-03,0.0,0.0,0.0,0.0
1583,region_79,2020-04,0.0,0.0,0.0,0.0
1584,region_79,2020-05,0.0,0.0,0.0,0.0
1585,region_79,2020-06,0.0,0.0,0.0,0.0
1586,region_79,2020-07,120.51,120.51,100.0,0.0
1587,region_79,2020-08,111.45,-9.060000000000002,-0.07518048294747326,120.51
1588,region_79,2020-09,100.13,-11.320000000000007,-0.10157021085688656,111.45
1589,region_79,2020-10,507.14,407.01,4.0648157395385995,100.13
1590,region_79,2020-11,283.06,-224.07999999999998,-0.4418503766218401,507.14
1591,region_79,2020-12,427.2,144.14,0.5092206599307567,283.06
1592,region_79,2021-01,401.2,-26.0,-0.060861423220973765,427.2
1593,region_79,2021-02,412.06,10.860000000000014,0.027068793619142717,401.2
1594,region_79,2021-03,463.7,51.639999999999986,0.12532155511333287,412.06
1595,region_79,2021-04,233.46,-230.23999999999998,-0.49652792753935726,463.7
1596,region_79,2021-05,691.81,458.3499999999999,1.9632913561209624,233.46
1597,region_79,2021-06,736.27,44.460000000000036,0.06426620025729624,691.81
1598,region_79,2021-07,325.42,-410.84999999999997,-0.5580154019585206,736.27
1599,region_79,2021-08,844.92,519.5,1.5963985003994834,325.42
1600,region_80,2020-01,0.0,0.0,0.0,0.0
1601,region_80,2020-02,0.0,0.0,0.0,0.0
1602,region_80,2020-03,0.0,0.0,0.0,0.0
1603,region_80,2020-04,0.0,0.0,0.0,0.0
1604,region_80,2020-05,0.0,0.0,0.0,0.0
1605,region_80,2020-06,0.0,0.0,0.0,0.0
1606,region_80,2020-07,0.0,0.0,0.0,0.0
1607,region_80,2020-08,83.31,83.31,100.0,0.0
1608,region_80,2020-09,130.43,47.120000000000005,0.5655983675429122,83.31
1609,region_80,2020-10,1002.03,871.5999999999999,6.682511692095376,130.43
1610,region_80,2020-11,929.82,-72.20999999999992,-0.07206371066734518,1002.03
1611,region_80,2020-12,174.52,-755.3000000000001,-0.8123077584908907,929.82
1612,region_80,2021-01,1052.27,877.75,5.029509511803805,174.52
1613,region_80,2021-02,932.38,-119.88999999999999,-0.11393463654765412,1052.27
1614,region_80,2021-03,530.91,-401.47,-0.43058624166112536,932.38
1615,region_80,2021-04,1464.89,933.9800000000001,1.7592058917707338,530.91
1616,region_80,2021-05,1130.92,-333.97,-0.22798298848377696,1464.89
1617,region_80,2021-06,666.18,-464.7400000000001,-0.41093976585434877,1130.92
1618,region_80,2021-07,1269.58,603.4,0.9057612056801465,666.18
1619,region_80,2021-08,1062.91,-206.66999999999985,-0.1627861182438286,1269.58
1620,region_81,2020-01,0.0,0.0,0.0,0.0
1621,region_81,2020-02,0.0,0.0,0.0,0.0
1622,region_81,2020-03,0.0,0.0,0.0,0.0
1623,region_81,2020-04,0.0,0.0,0.0,0.0
1624,region_81,2020-05,0.0,0.0,0.0,0.0
1625,region_81,2020-06,0.0,0.0,0.0,0.0
1626,region_81,2020-07,208.23,208.23,100.0,0.0
1627,region_81,2020-08,350.92,142.69000000000003,0.6852518849349278,208.23
1628,region_81,2020-09,48.56,-302.36,-0.8616208822523652,350.92
1629,region_81,2020-10,479.78,431.21999999999997,8.880148270181218,48.56
1630,region_81,2020-11,123.16,-356.62,-0.7432990120471883,479.78
1631,region_81,2020-12,293.2,170.04,1.3806430659304967,123.16
1632,region_81,2021-01,0.0,-293.2,-1.0,293.2
1633,region_81,2021-02,256.66,256.66,100.0,0.0
1634,region_81,2021-03,77.56,-179.10000000000002,-0.6978103327359153,256.66
1635,region_81,2021-04,96.97,19.409999999999997,0.2502578648788034,77.56
1636,region_81,2021-05,290.9,193.92999999999998,1.9998968753222646,96.97
1637,region_81,2021-06,310.82,19.920000000000016,0.06847713991062232,290.9
1638,region_81,2021-07,201.29,-109.53,-0.35239045106492506,310.82
1639,region_81,2021-08,233.46,32.170000000000016,0.15981916637686933,201.29
1640,region_82,2020-01,0.0,0.0,0.0,0.0
1641,region_82,2020-02,0.0,0.0,0.0,0.0
1642,region_82,2020-03,0.0,0.0,0.0,0.0
1643,region_82,2020-04,0.0,0.0,0.0,0.0
1644,region_82,2020-05,0.0,0.0,0.0,0.0
1645,region_82,2020-06,0.0,0.0,0.0,0.0
1646,region_82,2020-07,0.0,0.0,0.0,0.0
1647,region_82,2020-08,48.56,48.56,100.0,0.0
1648,region_82,2020-09,139.29,90.72999999999999,1.8684102141680392,48.56
1649,region_82,2020-10,0.0,-139.29,-1.0,139.29
1650,region_82,2020-11,0.0,0.0,0.0,0.0
1651,region_82,2020-12,32.74,32.74,100.0,0.0
1652,region_82,2021-01,77.84,45.1,1.377519853390348,32.74
1653,region_82,2021-02,198.99,121.15,1.5563977389516959,77.84
1654,region_82,2021-03,32.74,-166.25,-0.8354691190512086,198.99
1655,region_82,2021-04,155.11,122.37,3.7376298106292003,32.74
1656,region_82,2021-05,0.0,-155.11,-1.0,155.11
1657,region_82,2021-06,192.44,192.44,100.0,0.0
1658,region_82,2021-07,271.77,79.32999999999998,0.4122323841197255,192.44
1659,region_82,2021-08,0.0,-271.77,-1.0,271.77
1660,region_83,2020-01,0.0,0.0,0.0,0.0
1661,region_83,2020-02,0.0,0.0,0.0,0.0
1662,region_83,2020-03,0.0,0.0,0.0,0.0
1663,region_83,2020-04,0.0,0.0,0.0,0.0
1664,region_83,2020-05,0.0,0.0,0.0,0.0
1665,region_83,2020-06,0.0,0.0,0.0,0.0
1666,region_83,2020-07,6036.72,6036.72,100.0,0.0
1667,region_83,2020-08,2802.47,-3234.2500000000005,-0.5357627983408209,6036.72
1668,region_83,2020-09,3052.48,250.01000000000022,0.08921058923021485,2802.47
1669,region_83,2020-10,5310.56,2258.0800000000004,0.7397525946115946,3052.48
1670,region_83,2020-11,4579.03,-731.5300000000007,-0.13775006778946108,5310.56
1671,region_83,2020-12,3318.25,-1260.7799999999997,-0.275337789881263,4579.03
1672,region_83,2021-01,5727.95,2409.7,0.7261960370677314,3318.25
1673,region_83,2021-02,4235.61,-1492.3400000000001,-0.26053649211323426,5727.95
1674,region_83,2021-03,7009.17,2773.5600000000004,0.6548194947126862,4235.61
1675,region_83,2021-04,7302.62,293.4499999999998,0.04186658334724358,7009.17
1676,region_83,2021-05,7643.06,340.4400000000005,0.04661888472904252,7302.62
1677,region_83,2021-06,5441.68,-2201.38,-0.28802338330459265,7643.06
1678,region_83,2021-07,7700.4,2258.7199999999993,0.41507769659369886,5441.68
1679,region_83,2021-08,5827.12,-1873.2799999999997,-0.24327047945561264,7700.4
1680,region_84,2020-01,0.0,0.0,0.0,0.0
1681,region_84,2020-02,0.0,0.0,0.0,0.0
1682,region_84,2020-03,0.0,0.0,0.0,0.0
1683,region_84,2020-04,0.0,0.0,0.0,0.0
1684,region_84,2020-05,0.0,0.0,0.0,0.0
1685,region_84,2020-06,0.0,0.0,0.0,0.0
1686,region_84,2020-07,0.0,0.0,0.0,0.0
1687,region_84,2020-08,155.68,155.68,100.0,0.0
1688,region_84,2020-09,104.11,-51.57000000000001,-0.33125642343268247,155.68
1689,region_84,2020-10,187.43,83.32000000000001,0.8003073672077612,104.11
1690,region_84,2020-11,90.18,-97.25,-0.5188603745398281,187.43
1691,region_84,2020-12,366.96,276.78,3.0691949434464396,90.18
1692,region_84,2021-01,129.71,-237.24999999999997,-0.6465282319598866,366.96
1693,region_84,2021-02,1145.59,1015.8799999999999,7.8319327731092425,129.71
1694,region_84,2021-03,96.97,-1048.62,-0.9153536605591879,1145.59
1695,region_84,2021-04,363.97,267.0,2.753428895534702,96.97
1696,region_84,2021-05,267.01,-96.96000000000004,-0.26639558205346603,363.97
1697,region_84,2021-06,219.61,-47.39999999999998,-0.1775214411445264,267.01
1698,region_84,2021-07,642.05,422.43999999999994,1.9235918218660348,219.61
1699,region_84,2021-08,708.82,66.7700000000001,0.1039950159644889,642.05
1700,region_85,2020-01,0.0,0.0,0.0,0.0
1701,region_85,2020-02,0.0,0.0,0.0,0.0
1702,region_85,2020-03,0.0,0.0,0.0,0.0
1703,region_85,2020-04,0.0,0.0,0.0,0.0
1704,region_85,2020-05,0.0,0.0,0.0,0.0
1705,region_85,2020-06,0.0,0.0,0.0,0.0
1706,region_85,2020-07,160.14,160.14,100.0,0.0
1707,region_85,2020-08,290.36,130.22000000000003,0.8131634819532911,160.14
1708,region_85,2020-09,118.49,-171.87,-0.59192037470726,290.36
1709,region_85,2020-10,339.14,220.64999999999998,1.8621824626550763,118.49
1710,region_85,2020-11,504.43,165.29000000000002,0.4873798431326297,339.14
1711,region_85,2020-12,880.13,375.7,0.7448010625854926,504.43
1712,region_85,2021-01,765.17,-114.96000000000004,-0.1306170679331463,880.13
1713,region_85,2021-02,412.46,-352.71,-0.46095638877635037,765.17
1714,region_85,2021-03,655.05,242.58999999999997,0.5881540028123939,412.46
1715,region_85,2021-04,1079.65,424.60000000000014,0.6481947942905124,655.05
1716,region_85,2021-05,1123.28,43.62999999999988,0.040411244384754186,1079.65
1717,region_85,2021-06,1130.77,7.490000000000009,0.006667972366640518,1123.28
1718,region_85,2021-07,1353.24,222.47000000000003,0.19674204303262388,1130.77
1719,region_85,2021-08,787.41,-565.83,-0.4181298217611067,1353.24
1720,region_86,2020-01,0.0,0.0,0.0,0.0
1721,region_86,2020-02,0.0,0.0,0.0,0.0
1722,region_86,2020-03,0.0,0.0,0.0,0.0
1723,region_86,2020-04,0.0,0.0,0.0,0.0
1724,region_86,2020-05,0.0,0.0,0.0,0.0
1725,region_86,2020-06,0.0,0.0,0.0,0.0
1726,region_86,2020-07,0.0,0.0,0.0,0.0
1727,region_86,2020-08,320.65,320.65,100.0,0.0
1728,region_86,2020-09,871.06,550.41,1.716544518945891,320.65
1729,region_86,2020-10,1433.93,562.8700000000001,0.6461896999058621,871.06
1730,region_86,2020-11,1927.19,493.26,0.3439916871813826,1433.93
1731,region_86,2020-12,1793.7,-133.49,-0.06926665248366792,1927.19
1732,region_86,2021-01,2517.18,723.4799999999998,0.40334504097675183,1793.7
1733,region_86,2021-02,2103.51,-413.6699999999996,-0.1643386646962075,2517.18
1734,region_86,2021-03,2714.15,610.6399999999999,0.2902957437806333,2103.51
1735,region_86,2021-04,2324.17,-389.98,-0.1436840263065785,2714.15
1736,region_86,2021-05,2873.17,549.0,0.23621335788690145,2324.17
1737,region_86,2021-06,2874.2,1.0299999999997453,0.00035848905564228595,2873.17
1738,region_86,2021-07,3669.92,795.7200000000003,0.2768492102150164,2874.2
1739,region_86,2021-08,2219.66,-1450.2600000000002,-0.39517482669921966,3669.92
1740,region_87,2020-01,0.0,0.0,0.0,0.0
1741,region_87,2020-02,0.0,0.0,0.0,0.0
1742,region_87,2020-03,0.0,0.0,0.0,0.0
1743,region_87,2020-04,0.0,0.0,0.0,0.0
1744,region_87,2020-05,0.0,0.0,0.0,0.0
1745,region_87,2020-06,0.0,0.0,0.0,0.0
1746,region_87,2020-07,0.0,0.0,0.0,0.0
1747,region_87,2020-08,0.0,0.0,0.0,0.0
1748,region_87,2020-09,178.91,178.91,100.0,0.0
1749,region_87,2020-10,434.49,255.58,1.428539489128612,178.91
1750,region_87,2020-11,911.78,477.28999999999996,1.0985062947363575,434.49
1751,region_87,2020-12,992.59,80.81000000000006,0.08862883590339776,911.78
1752,region_87,2021-01,817.79,-174.80000000000007,-0.17610493758752366,992.59
1753,region_87,2021-02,842.03,24.24000000000001,0.029640861345822334,817.79
1754,region_87,2021-03,1411.65,569.6200000000001,0.6764842107763382,842.03
1755,region_87,2021-04,722.36,-689.2900000000001,-0.4882867566323097,1411.65
1756,region_87,2021-05,459.66,-262.7,-0.36366908466692505,722.36
1757,region_87,2021-06,652.59,192.93,0.4197232737240568,459.66
1758,region_87,2021-07,1092.61,440.01999999999987,0.6742671508910647,652.59
1759,region_87,2021-08,472.99,-619.6199999999999,-0.5671007953432605,1092.61
1760,region_88,2020-01,0.0,0.0,0.0,0.0
1761,region_88,2020-02,0.0,0.0,0.0,0.0
1762,region_88,2020-03,0.0,0.0,0.0,0.0
1763,region_88,2020-04,0.0,0.0,0.0,0.0
1764,region_88,2020-05,0.0,0.0,0.0,0.0
1765,region_88,2020-06,0.0,0.0,0.0,0.0
1766,region_88,2020-07,56.27,56.27,100.0,0.0
1767,region_88,2020-08,0.0,-56.27,-1.0,56.27
1768,region_88,2020-09,227.05,227.05,100.0,0.0
1769,region_88,2020-10,0.0,-227.05,-1.0,227.05
1770,region_88,2020-11,476.57,476.57,100.0,0.0
1771,region_88,2020-12,274.06,-202.51,-0.4249323289338397,476.57
1772,region_88,2021-01,245.29,-28.77000000000001,-0.10497701233306578,274.06
1773,region_88,2021-02,429.7,184.41,0.7518039871172897,245.29
1774,region_88,2021-03,197.23,-232.47,-0.5410053525715616,429.7
1775,region_88,2021-04,906.89,709.66,3.5981341580895405,197.23
1776,region_88,2021-05,856.06,-50.83000000000004,-0.05604869388790268,906.89
1777,region_88,2021-06,836.66,-19.399999999999977,-0.02266196294652245,856.06
1778,region_88,2021-07,664.81,-171.85000000000002,-0.20540004302823134,836.66
1779,region_88,2021-08,366.96,-297.84999999999997,-0.4480227433402024,664.81
1780,region_89,2020-01,0.0,0.0,0.0,0.0
1781,region_89,2020-02,0.0,0.0,0.0,0.0
1782,region_89,2020-03,0.0,0.0,0.0,0.0
1783,region_89,2020-04,0.0,0.0,0.0,0.0
1784,region_89,2020-05,0.0,0.0,0.0,0.0
1785,region_89,2020-06,0.0,0.0,0.0,0.0
1786,region_89,2020-07,118.49,118.49,100.0,0.0
1787,region_89,2020-08,593.81,475.31999999999994,4.011477761836441,118.49
1788,region_89,2020-09,491.17,-102.63999999999993,-0.17284990148363943,593.81
1789,region_89,2020-10,1949.9,1458.73,2.969908585622086,491.17
1790,region_89,2020-11,2563.7,613.7999999999997,0.3147853736089028,1949.9
1791,region_89,2020-12,1575.64,-988.0599999999997,-0.3854039084136208,2563.7
1792,region_89,2021-01,2512.71,937.0699999999999,0.5947234139778121,1575.64
1793,region_89,2021-02,1051.23,-1461.48,-0.5816349678235848,2512.71
1794,region_89,2021-03,3146.22,2094.99,1.9928940384121456,1051.23
1795,region_89,2021-04,2832.52,-313.6999999999998,-0.09970694992721418,3146.22
1796,region_89,2021-05,2946.46,113.94000000000005,0.04022566477906597,2832.52
1797,region_89,2021-06,3822.97,876.5099999999998,0.29747900870875554,2946.46
1798,region_89,2021-07,3163.07,-659.8999999999996,-0.17261448559627712,3822.97
1799,region_89,2021-08,1685.95,-1477.1200000000001,-0.4669893489552871,3163.07
1800,region_90,2020-01,0.0,0.0,0.0,0.0
1801,region_90,2020-02,0.0,0.0,0.0,0.0
1802,region_90,2020-03,0.0,0.0,0.0,0.0
1803,region_90,2020-04,0.0,0.0,0.0,0.0
1804,region_90,2020-05,0.0,0.0,0.0,0.0
1805,region_90,2020-06,0.0,0.0,0.0,0.0
1806,region_90,2020-07,0.0,0.0,0.0,0.0
1807,region_90,2020-08,58.05,58.05,100.0,0.0
1808,region_90,2020-09,0.0,-58.05,-1.0,58.05
1809,region_90,2020-10,265.94,265.94,100.0,0.0
1810,region_90,2020-11,605.75,339.81,1.277769421674062,265.94
1811,region_90,2020-12,396.72,-209.02999999999997,-0.34507635163021044,605.75
1812,region_90,2021-01,451.86,55.139999999999986,0.1389897156684814,396.72
1813,region_90,2021-02,340.77,-111.09000000000003,-0.24585048466339143,451.86
1814,region_90,2021-03,237.74,-103.02999999999997,-0.3023446899668397,340.77
1815,region_90,2021-04,193.93,-43.81,-0.1842769411962648,237.74
1816,region_90,2021-05,193.93,0.0,0.0,193.93
1817,region_90,2021-06,586.58,392.65000000000003,2.0246996338885164,193.93
1818,region_90,2021-07,374.78,-211.80000000000007,-0.3610760680555083,586.58
1819,region_90,2021-08,790.61,415.83000000000004,1.1095309248092216,374.78
1820,region_91,2020-01,0.0,0.0,0.0,0.0
1821,region_91,2020-02,0.0,0.0,0.0,0.0
1822,region_91,2020-03,0.0,0.0,0.0,0.0
1823,region_91,2020-04,0.0,0.0,0.0,0.0
1824,region_91,2020-05,0.0,0.0,0.0,0.0
1825,region_91,2020-06,0.0,0.0,0.0,0.0
1826,region_91,2020-07,118.9,118.9,100.0,0.0
1827,region_91,2020-08,176.53,57.629999999999995,0.48469301934398645,118.9
1828,region_91,2020-09,180.8,4.27000000000001,0.024188523197190337,176.53
1829,region_91,2020-10,401.23,220.43,1.2191924778761063,180.8
1830,region_91,2020-11,471.69,70.45999999999998,0.17560999925229903,401.23
1831,region_91,2020-12,219.61,-252.07999999999998,-0.5344187920032224,471.69
1832,region_91,2021-01,308.03,88.41999999999996,0.4026228313829059,219.61
1833,region_91,2021-02,77.56,-230.46999999999997,-0.7482063435379671,308.03
1834,region_91,2021-03,360.41,282.85,3.6468540484785974,77.56
1835,region_91,2021-04,15.23,-345.18,-0.9577425709608501,360.41
1836,region_91,2021-05,226.91,211.68,13.898883782009191,15.23
1837,region_91,2021-06,641.73,414.82000000000005,1.828125688599004,226.91
1838,region_91,2021-07,413.82,-227.91000000000003,-0.35514936188116497,641.73
1839,region_91,2021-08,318.36,-95.45999999999998,-0.230680005799623,413.82
1840,region_92,2020-01,0.0,0.0,0.0,0.0
1841,region_92,2020-02,0.0,0.0,0.0,0.0
1842,region_92,2020-03,0.0,0.0,0.0,0.0
1843,region_92,2020-04,0.0,0.0,0.0,0.0
1844,region_92,2020-05,0.0,0.0,0.0,0.0
1845,region_92,2020-06,0.0,0.0,0.0,0.0
1846,region_92,2020-07,166.63,166.63,100.0,0.0
1847,region_92,2020-08,0.0,-166.63,-1.0,166.63
1848,region_92,2020-09,83.31,83.31,100.0,0.0
1849,region_92,2020-10,0.0,-83.31,-1.0,83.31
1850,region_92,2020-11,211.34,211.34,100.0,0.0
1851,region_92,2020-12,211.34,0.0,0.0,211.34
1852,region_92,2021-01,239.02,27.680000000000007,0.13097378631588907,211.34
1853,region_92,2021-02,460.94,221.92,0.9284578696343402,239.02
1854,region_92,2021-03,0.0,-460.94,-1.0,460.94
1855,region_92,2021-04,157.28,157.28,100.0,0.0
1856,region_92,2021-05,344.56,187.28,1.1907426246185149,157.28
1857,region_92,2021-06,58.94,-285.62,-0.8289412584165312,344.56
1858,region_92,2021-07,26.19,-32.75,-0.5556498133695282,58.94
1859,region_92,2021-08,77.56,51.370000000000005,1.9614356624665903,26.19
1860,region_93,2020-01,0.0,0.0,0.0,0.0
1861,region_93,2020-02,0.0,0.0,0.0,0.0
1862,region_93,2020-03,0.0,0.0,0.0,0.0
1863,region_93,2020-04,0.0,0.0,0.0,0.0
1864,region_93,2020-05,0.0,0.0,0.0,0.0
1865,region_93,2020-06,0.0,0.0,0.0,0.0
1866,region_93,2020-07,104.11,104.11,100.0,0.0
1867,region_93,2020-08,0.0,-104.11,-1.0,104.11
1868,region_93,2020-09,104.11,104.11,100.0,0.0
1869,region_93,2020-10,222.6,118.49,1.1381231389876092,104.11
1870,region_93,2020-11,193.93,-28.669999999999987,-0.12879604672057499,222.6
1871,region_93,2020-12,394.13,200.2,1.0323312535450935,193.93
1872,region_93,2021-01,96.97,-297.15999999999997,-0.7539644279806155,394.13
1873,region_93,2021-02,200.71,103.74000000000001,1.0698154068268537,96.97
1874,region_93,2021-03,174.52,-26.189999999999998,-0.1304867719595436,200.71
1875,region_93,2021-04,239.02,64.5,0.36958514783405905,174.52
1876,region_93,2021-05,123.16,-115.86000000000001,-0.48472931135469843,239.02
1877,region_93,2021-06,330.9,207.73999999999998,1.686748944462488,123.16
1878,region_93,2021-07,96.97,-233.92999999999998,-0.7069507404049562,330.9
1879,region_93,2021-08,77.56,-19.409999999999997,-0.2001649994843766,96.97
1880,region_94,2020-01,0.0,0.0,0.0,0.0
1881,region_94,2020-02,0.0,0.0,0.0,0.0
1882,region_94,2020-03,0.0,0.0,0.0,0.0
1883,region_94,2020-04,0.0,0.0,0.0,0.0
1884,region_94,2020-05,0.0,0.0,0.0,0.0
1885,region_94,2020-06,0.0,0.0,0.0,0.0
1886,region_94,2020-07,287.48,287.48,100.0,0.0
1887,region_94,2020-08,35.17,-252.31,-0.8776610546820649,287.48
1888,region_94,2020-09,104.11,68.94,1.9601933466022174,35.17
1889,region_94,2020-10,83.31,-20.799999999999997,-0.1997886850446643,104.11
1890,region_94,2020-11,521.37,438.06,5.258192293842276,83.31
1891,region_94,2020-12,219.61,-301.76,-0.5787828221800257,521.37
1892,region_94,2021-01,35.04,-184.57000000000002,-0.840444424206548,219.61
1893,region_94,2021-02,422.12,387.08,11.046803652968038,35.04
1894,region_94,2021-03,534.02,111.89999999999998,0.26509049559366993,422.12
1895,region_94,2021-04,468.19,-65.82999999999998,-0.12327253660911575,534.02
1896,region_94,2021-05,155.11,-313.08,-0.6687028770371003,468.19
1897,region_94,2021-06,732.34,577.23,3.721423505899039,155.11
1898,region_94,2021-07,271.49,-460.85,-0.6292842122511402,732.34
1899,region_94,2021-08,577.23,305.74,1.1261556595086377,271.49
1900,region_95,2020-01,0.0,0.0,0.0,0.0
1901,region_95,2020-02,0.0,0.0,0.0,0.0
1902,region_95,2020-03,0.0,0.0,0.0,0.0
1903,region_95,2020-04,0.0,0.0,0.0,0.0
1904,region_95,2020-05,0.0,0.0,0.0,0.0
1905,region_95,2020-06,0.0,0.0,0.0,0.0
1906,region_95,2020-07,887.31,887.31,100.0,0.0
1907,region_95,2020-08,510.5,-376.80999999999995,-0.4246655622048664,887.31
1908,region_95,2020-09,1283.14,772.6400000000001,1.513496571988247,510.5
1909,region_95,2020-10,2695.7,1412.5599999999997,1.1008619480337294,1283.14
1910,region_95,2020-11,1868.94,-826.7599999999998,-0.30669584894461543,2695.7
1911,region_95,2020-12,1998.63,129.69000000000005,0.06939227583550034,1868.94
1912,region_95,2021-01,1552.11,-446.5200000000002,-0.22341303793098277,1998.63
1913,region_95,2021-02,2878.79,1326.68,0.8547590054828589,1552.11
1914,region_95,2021-03,2342.25,-536.54,-0.18637691530122025,2878.79
1915,region_95,2021-04,3175.25,833.0,0.3556409435371972,2342.25
1916,region_95,2021-05,2880.53,-294.7199999999998,-0.09281788835524751,3175.25
1917,region_95,2021-06,1585.88,-1294.65,-0.4494485389841453,2880.53
1918,region_95,2021-07,2188.38,602.5,0.3799152520997806,1585.88
1919,region_95,2021-08,2847.76,659.3800000000001,0.30130964457726717,2188.38
1920,region_96,2020-01,0.0,0.0,0.0,0.0
1921,region_96,2020-02,0.0,0.0,0.0,0.0
1922,region_96,2020-03,0.0,0.0,0.0,0.0
1923,region_96,2020-04,0.0,0.0,0.0,0.0
1924,region_96,2020-05,0.0,0.0,0.0,0.0
1925,region_96,2020-06,0.0,0.0,0.0,0.0
1926,region_96,2020-07,930.99,930.99,100.0,0.0
1927,region_96,2020-08,391.6,-539.39,-0.5793724959451767,930.99
1928,region_96,2020-09,951.8,560.1999999999999,1.4305413687436155,391.6
1929,region_96,2020-10,3246.51,2294.71,2.410916158856903,951.8
1930,region_96,2020-11,1648.23,-1598.2800000000002,-0.49230712364970386,3246.51
1931,region_96,2020-12,1646.27,-1.9600000000000364,-0.001189154426263328,1648.23
1932,region_96,2021-01,1811.76,165.49,0.10052421534742173,1646.27
1933,region_96,2021-02,1799.35,-12.410000000000082,-0.006849693116086075,1811.76
1934,region_96,2021-03,3739.79,1940.44,1.0784116486509019,1799.35
1935,region_96,2021-04,2752.17,-987.6199999999999,-0.26408434698204974,3739.79
1936,region_96,2021-05,2323.7,-428.47000000000025,-0.1556844235639514,2752.17
1937,region_96,2021-06,3430.96,1107.2600000000002,0.4765072944011708,2323.7
1938,region_96,2021-07,3919.07,488.1100000000001,0.14226630447454935,3430.96
1939,region_96,2021-08,3018.17,-900.9000000000001,-0.2298759654714001,3919.07
1940,region_97,2020-01,0.0,0.0,0.0,0.0
1941,region_97,2020-02,0.0,0.0,0.0,0.0
1942,region_97,2020-03,0.0,0.0,0.0,0.0
1943,region_97,2020-04,0.0,0.0,0.0,0.0
1944,region_97,2020-05,0.0,0.0,0.0,0.0
1945,region_97,2020-06,0.0,0.0,0.0,0.0
1946,region_97,2020-07,83.31,83.31,100.0,0.0
1947,region_97,2020-08,0.0,-83.31,-1.0,83.31
1948,region_97,2020-09,227.05,227.05,100.0,0.0
1949,region_97,2020-10,627.96,400.91,1.765734419731337,227.05
1950,region_97,2020-11,0.0,-627.96,-1.0,627.96
1951,region_97,2020-12,248.6,248.6,100.0,0.0
1952,region_97,2021-01,226.68,-21.919999999999987,-0.08817377312952535,248.6
1953,region_97,2021-02,133.5,-93.18,-0.41106405505558496,226.68
1954,region_97,2021-03,341.05,207.55,1.554681647940075,133.5
1955,region_97,2021-04,491.38,150.32999999999998,0.4407858085324732,341.05
1956,region_97,2021-05,537.28,45.89999999999998,0.09341039521348038,491.38
1957,region_97,2021-06,517.58,-19.699999999999932,-0.036666170339487714,537.28
1958,region_97,2021-07,319.4,-198.18000000000006,-0.38289732988137104,517.58
1959,region_97,2021-08,404.99,85.59000000000003,0.267971195992486,319.4
1960,region_98,2020-01,0.0,0.0,0.0,0.0
1961,region_98,2020-02,0.0,0.0,0.0,0.0
1962,region_98,2020-03,0.0,0.0,0.0,0.0
1963,region_98,2020-04,0.0,0.0,0.0,0.0
1964,region_98,2020-05,0.0,0.0,0.0,0.0
1965,region_98,2020-06,0.0,0.0,0.0,0.0
1966,region_98,2020-07,178.91,178.91,100.0,0.0
1967,region_98,2020-08,247.86,68.95000000000002,0.38538930188362874,178.91
1968,region_98,2020-09,520.57,272.71000000000004,1.1002582102799967,247.86
1969,region_98,2020-10,688.01,167.43999999999994,0.32164742493804854,520.57
1970,region_98,2020-11,1087.83,399.81999999999994,0.5811252743419426,688.01
1971,region_98,2020-12,514.58,-573.2499999999999,-0.5269665296967356,1087.83
1972,region_98,2021-01,1275.0,760.42,1.477748843717206,514.58
1973,region_98,2021-02,736.5,-538.5,-0.4223529411764706,1275.0
1974,region_98,2021-03,394.93,-341.57,-0.4637746096401901,736.5
1975,region_98,2021-04,822.89,427.96,1.0836350745701768,394.93
1976,region_98,2021-05,990.86,167.97000000000003,0.2041220576261713,822.89
1977,region_98,2021-06,914.52,-76.34000000000003,-0.07704418384030043,990.86
1978,region_98,2021-07,644.29,-270.23,-0.2954883436119494,914.52
1979,region_98,2021-08,1008.27,363.98,0.5649319405857611,644.29
1980,region_99,2020-01,0.0,0.0,0.0,0.0
1981,region_99,2020-02,0.0,0.0,0.0,0.0
1982,region_99,2020-03,0.0,0.0,0.0,0.0
1983,region_99,2020-04,0.0,0.0,0.0,0.0
1984,region_99,2020-05,0.0,0.0,0.0,0.0
1985,region_99,2020-06,0.0,0.0,0.0,0.0
1986,region_99,2020-07,0.0,0.0,0.0,0.0
1987,region_99,2020-08,296.41,296.41,100.0,0.0
1988,region_99,2020-09,104.11,-192.3,-0.6487635369926791,296.41
1989,region_99,2020-10,0.0,-104.11,-1.0,104.11
1990,region_99,2020-11,424.4,424.4,100.0,0.0
1991,region_99,2020-12,0.0,-424.4,-1.0,424.4
1992,region_99,2021-01,133.5,133.5,100.0,0.0
1993,region_99,2021-02,96.97,-36.53,-0.2736329588014982,133.5
1994,region_99,2021-03,0.0,-96.97,-1.0,96.97
1995,region_99,2021-04,0.0,0.0,0.0,0.0
1996,region_99,2021-05,0.0,0.0,0.0,0.0
1997,region_99,2021-06,0.0,0.0,0.0,0.0
1998,region_99,2021-07,96.97,96.97,100.0,0.0
1999,region_99,2021-08,166.25,69.28,0.714447767350727,96.97
2000,region_100,2020-01,0.0,0.0,0.0,0.0
2001,region_100,2020-02,0.0,0.0,0.0,0.0
2002,region_100,2020-03,0.0,0.0,0.0,0.0
2003,region_100,2020-04,0.0,0.0,0.0,0.0
2004,region_100,2020-05,0.0,0.0,0.0,0.0
2005,region_100,2020-06,0.0,0.0,0.0,0.0
2006,region_100,2020-07,556.49,556.49,100.0,0.0
2007,region_100,2020-08,1552.99,996.5,1.7906880626785746,556.49
2008,region_100,2020-09,775.6,-777.39,-0.5005763076388128,1552.99
2009,region_100,2020-10,1114.23,338.63,0.43660391954615774,775.6
2010,region_100,2020-11,986.1,-128.13,-0.11499421124902398,1114.23
2011,region_100,2020-12,1715.65,729.5500000000001,0.7398336882669101,986.1
2012,region_100,2021-01,1691.29,-24.360000000000127,-0.014198700201090042,1715.65
2013,region_100,2021-02,817.44,-873.8499999999999,-0.5166766196217089,1691.29
2014,region_100,2021-03,1550.95,733.51,0.897325797612057,817.44
2015,region_100,2021-04,1705.86,154.90999999999985,0.09988071826944767,1550.95
2016,region_100,2021-05,1587.48,-118.37999999999988,-0.0693960817417607,1705.86
2017,region_100,2021-06,1370.13,-217.3499999999999,-0.1369151107415526,1587.48
2018,region_100,2021-07,1774.92,404.78999999999996,0.2954391189157233,1370.13
2019,region_100,2021-08,1403.11,-371.8100000000002,-0.2094798638811891,1774.92
2020,region_101,2020-01,0.0,0.0,0.0,0.0
2021,region_101,2020-02,0.0,0.0,0.0,0.0
2022,region_101,2020-03,0.0,0.0,0.0,0.0
2023,region_101,2020-04,0.0,0.0,0.0,0.0
2024,region_101,2020-05,0.0,0.0,0.0,0.0
2025,region_101,2020-06,0.0,0.0,0.0,0.0
2026,region_101,2020-07,35.61,35.61,100.0,0.0
2027,region_101,2020-08,9.49,-26.119999999999997,-0.7335018253299634,35.61
2028,region_101,2020-09,153.23,143.73999999999998,15.146469968387777,9.49
2029,region_101,2020-10,246.34,93.11000000000001,0.607648632774261,153.23
2030,region_101,2020-11,327.44,81.1,0.32921977754323284,246.34
2031,region_101,2020-12,369.72,42.28000000000003,0.12912289274370892,327.44
2032,region_101,2021-01,270.0,-99.72000000000003,-0.26971762414800393,369.72
2033,region_101,2021-02,360.18,90.18,0.3340000000000001,270.0
2034,region_101,2021-03,356.39,-3.7900000000000205,-0.010522516519518077,360.18
2035,region_101,2021-04,289.41,-66.97999999999996,-0.1879401778950026,356.39
2036,region_101,2021-05,346.33,56.91999999999996,0.19667599599184538,289.41
2037,region_101,2021-06,193.93,-152.39999999999998,-0.440042733808795,346.33
2038,region_101,2021-07,226.68,32.75,0.1688753674006085,193.93
2039,region_101,2021-08,207.55,-19.129999999999995,-0.0843920945826716,226.68
2040,region_102,2020-01,0.0,0.0,0.0,0.0
2041,region_102,2020-02,0.0,0.0,0.0,0.0
2042,region_102,2020-03,0.0,0.0,0.0,0.0
2043,region_102,2020-04,0.0,0.0,0.0,0.0
2044,region_102,2020-05,0.0,0.0,0.0,0.0
2045,region_102,2020-06,0.0,0.0,0.0,0.0
2046,region_102,2020-07,153.66,153.66,100.0,0.0
2047,region_102,2020-08,0.0,-153.66,-1.0,153.66
2048,region_102,2020-09,237.77,237.77,100.0,0.0
2049,region_102,2020-10,742.8,505.03,2.124027421457711,237.77
2050,region_102,2020-11,815.31,72.50999999999999,0.09761712439418413,742.8
2051,region_102,2020-12,1281.04,465.73,0.571230574873361,815.31
2052,region_102,2021-01,1371.16,90.12000000000012,0.07034909136326739,1281.04
2053,region_102,2021-02,820.79,-550.3700000000001,-0.4013900638875114,1371.16
2054,region_102,2021-03,1632.02,811.23,0.9883526846087307,820.79
2055,region_102,2021-04,1750.44,118.42000000000007,0.0725603852893959,1632.02
2056,region_102,2021-05,634.18,-1116.2600000000002,-0.6377025205091291,1750.44
2057,region_102,2021-06,1078.19,444.0100000000001,0.700132454508184,634.18
2058,region_102,2021-07,2044.76,966.5699999999999,0.8964746473256104,1078.19
2059,region_102,2021-08,1368.77,-675.99,-0.33059625579530116,2044.76
2060,region_103,2020-01,0.0,0.0,0.0,0.0
2061,region_103,2020-02,0.0,0.0,0.0,0.0
2062,region_103,2020-03,0.0,0.0,0.0,0.0
2063,region_103,2020-04,0.0,0.0,0.0,0.0
2064,region_103,2020-05,0.0,0.0,0.0,0.0
2065,region_103,2020-06,0.0,0.0,0.0,0.0
2066,region_103,2020-07,291.96,291.96,100.0,0.0
2067,region_103,2020-08,48.56,-243.39999999999998,-0.8336758460063022,291.96
2068,region_103,2020-09,48.56,0.0,0.0,48.56
2069,region_103,2020-10,435.28,386.71999999999997,7.963756177924216,48.56
2070,region_103,2020-11,375.04,-60.23999999999995,-0.13839367763278798,435.28
2071,region_103,2020-12,133.5,-241.54000000000002,-0.6440379692832765,375.04
2072,region_103,2021-01,497.48,363.98,2.7264419475655433,133.5
2073,region_103,2021-02,331.72,-165.76,-0.3331993245959636,497.48
2074,region_103,2021-03,542.57,210.85000000000002,0.6356264319305438,331.72
2075,region_103,2021-04,344.56,-198.01000000000005,-0.3649483016016367,542.57
2076,region_103,2021-05,362.57,18.00999999999999,0.05226956117947523,344.56
2077,region_103,2021-06,325.95,-36.620000000000005,-0.1010011859778801,362.57
2078,region_103,2021-07,144.57,-181.38,-0.5564657156005522,325.95
2079,region_103,2021-08,254.87,110.30000000000001,0.7629522030850109,144.57
2080,region_104,2020-01,0.0,0.0,0.0,0.0
2081,region_104,2020-02,0.0,0.0,0.0,0.0
2082,region_104,2020-03,0.0,0.0,0.0,0.0
2083,region_104,2020-04,0.0,0.0,0.0,0.0
2084,region_104,2020-05,0.0,0.0,0.0,0.0
2085,region_104,2020-06,0.0,0.0,0.0,0.0
2086,region_104,2020-07,346.33,346.33,100.0,0.0
2087,region_104,2020-08,284.92,-61.40999999999997,-0.17731643230444938,346.33
2088,region_104,2020-09,126.61,-158.31,-0.5556296504281903,284.92
2089,region_104,2020-10,430.83,304.21999999999997,2.402811784219256,126.61
2090,region_104,2020-11,868.13,437.3,1.0150175243135342,430.83
2091,region_104,2020-12,607.9,-260.23,-0.29975925264649306,868.13
2092,region_104,2021-01,534.7,-73.19999999999993,-0.12041454186543832,607.9
2093,region_104,2021-02,520.65,-14.050000000000068,-0.02627641668225189,534.7
2094,region_104,2021-03,598.92,78.26999999999998,0.15033131662345145,520.65
2095,region_104,2021-04,478.75,-120.16999999999996,-0.20064449342149193,598.92
2096,region_104,2021-05,623.62,144.87,0.30260052219321154,478.75
2097,region_104,2021-06,448.78,-174.84000000000003,-0.2803630415958437,623.62
2098,region_104,2021-07,633.96,185.18000000000006,0.41262979633673535,448.78
2099,region_104,2021-08,965.09,331.13,0.5223200201905482,633.96
2100,region_105,2020-01,0.0,0.0,0.0,0.0
2101,region_105,2020-02,0.0,0.0,0.0,0.0
2102,region_105,2020-03,0.0,0.0,0.0,0.0
2103,region_105,2020-04,0.0,0.0,0.0,0.0
2104,region_105,2020-05,0.0,0.0,0.0,0.0
2105,region_105,2020-06,0.0,0.0,0.0,0.0
2106,region_105,2020-07,104.11,104.11,100.0,0.0
2107,region_105,2020-08,1012.36,908.25,8.723945826529633,104.11
2108,region_105,2020-09,3846.03,2833.67,2.799073452131653,1012.36
2109,region_105,2020-10,3523.81,-322.22000000000025,-0.08377989771270644,3846.03
2110,region_105,2020-11,5076.93,1553.1200000000003,0.440750210709431,3523.81
2111,region_105,2020-12,2735.72,-2341.2100000000005,-0.4611467954058851,5076.93
2112,region_105,2021-01,3011.77,276.0500000000002,0.1009057944526488,2735.72
2113,region_105,2021-02,3675.03,663.2600000000002,0.220222659764856,3011.77
2114,region_105,2021-03,3311.32,-363.71000000000004,-0.0989678995817721,3675.03
2115,region_105,2021-04,3522.99,211.66999999999962,0.06392314847251246,3311.32
2116,region_105,2021-05,3285.03,-237.95999999999958,-0.06754489794180496,3522.99
2117,region_105,2021-06,3520.15,235.1199999999999,0.07157316675951209,3285.03
2118,region_105,2021-07,3028.26,-491.8899999999999,-0.1397355226339786,3520.15
2119,region_105,2021-08,3851.87,823.6099999999997,0.2719746653193582,3028.26
2120,region_106,2020-01,0.0,0.0,0.0,0.0
2121,region_106,2020-02,0.0,0.0,0.0,0.0
2122,region_106,2020-03,0.0,0.0,0.0,0.0
2123,region_106,2020-04,0.0,0.0,0.0,0.0
2124,region_106,2020-05,0.0,0.0,0.0,0.0
2125,region_106,2020-06,0.0,0.0,0.0,0.0
2126,region_106,2020-07,298.88,298.88,100.0,0.0
2127,region_106,2020-08,590.11,291.23,0.974404443254818,298.88
2128,region_106,2020-09,47.04,-543.07,-0.9202860483638644,590.11
2129,region_106,2020-10,1205.41,1158.3700000000001,24.625212585034017,47.04
2130,region_106,2020-11,1006.73,-198.68000000000006,-0.1648235869952962,1205.41
2131,region_106,2020-12,1173.36,166.62999999999988,0.16551607680311498,1006.73
2132,region_106,2021-01,701.23,-472.1299999999999,-0.4023743778550487,1173.36
2133,region_106,2021-02,447.56,-253.67000000000002,-0.36175006773811735,701.23
2134,region_106,2021-03,927.86,480.3,1.0731522030565737,447.56
2135,region_106,2021-04,1212.45,284.59000000000003,0.3067165305110686,927.86
2136,region_106,2021-05,266.2,-946.25,-0.780444554414615,1212.45
2137,region_106,2021-06,998.3,732.0999999999999,2.7501878287002253,266.2
2138,region_106,2021-07,635.46,-362.8399999999999,-0.3634578783932685,998.3
2139,region_106,2021-08,515.52,-119.94000000000005,-0.18874516098574268,635.46
2140,region_107,2020-01,0.0,0.0,0.0,0.0
2141,region_107,2020-02,0.0,0.0,0.0,0.0
2142,region_107,2020-03,0.0,0.0,0.0,0.0
2143,region_107,2020-04,0.0,0.0,0.0,0.0
2144,region_107,2020-05,0.0,0.0,0.0,0.0
2145,region_107,2020-06,0.0,0.0,0.0,0.0
2146,region_107,2020-07,574.62,574.62,100.0,0.0
2147,region_107,2020-08,711.05,136.42999999999995,0.23742647314747134,574.62
2148,region_107,2020-09,989.05,278.0,0.3909710990788271,711.05
2149,region_107,2020-10,401.93,-587.1199999999999,-0.593620140538901,989.05
2150,region_107,2020-11,2218.28,1816.3500000000001,4.5190704849103085,401.93
2151,region_107,2020-12,1445.93,-772.3500000000001,-0.34817516273869853,2218.28
2152,region_107,2021-01,2024.35,578.4199999999998,0.4000331966277757,1445.93
2153,region_107,2021-02,1171.43,-852.9199999999998,-0.4213303035542272,2024.35
2154,region_107,2021-03,3625.86,2454.4300000000003,2.0952425667773573,1171.43
2155,region_107,2021-04,3956.08,330.2199999999998,0.09107356599537764,3625.86
2156,region_107,2021-05,3284.53,-671.5499999999997,-0.16975137004307284,3956.08
2157,region_107,2021-06,2950.98,-333.5500000000002,-0.10155182019954156,3284.53
2158,region_107,2021-07,3085.58,134.5999999999999,0.045611966194281095,2950.98
2159,region_107,2021-08,2157.35,-928.23,-0.3008283693827417,3085.58
2160,region_108,2020-01,0.0,0.0,0.0,0.0
2161,region_108,2020-02,0.0,0.0,0.0,0.0
2162,region_108,2020-03,0.0,0.0,0.0,0.0
2163,region_108,2020-04,0.0,0.0,0.0,0.0
2164,region_108,2020-05,0.0,0.0,0.0,0.0
2165,region_108,2020-06,0.0,0.0,0.0,0.0
2166,region_108,2020-07,0.0,0.0,0.0,0.0
2167,region_108,2020-08,539.4,539.4,100.0,0.0
2168,region_108,2020-09,1209.86,670.4599999999999,1.2429736744530961,539.4
2169,region_108,2020-10,1559.53,349.6700000000001,0.28901691104755933,1209.86
2170,region_108,2020-11,783.72,-775.81,-0.49746397953229493,1559.53
2171,region_108,2020-12,2044.67,1260.95,1.6089292094115244,783.72
2172,region_108,2021-01,1451.2,-593.47,-0.2902522167391315,2044.67
2173,region_108,2021-02,2132.71,681.51,0.46961824696802634,1451.2
2174,region_108,2021-03,2855.87,723.1599999999999,0.3390803250324703,2132.71
2175,region_108,2021-04,2997.21,141.34000000000015,0.04949104826200079,2855.87
2176,region_108,2021-05,1659.3,-1337.91,-0.446385138178506,2997.21
2177,region_108,2021-06,1423.44,-235.8599999999999,-0.14214427770746696,1659.3
2178,region_108,2021-07,2799.02,1375.58,0.9663772269993818,1423.44
2179,region_108,2021-08,1795.75,-1003.27,-0.3584361669441447,2799.02
2180,region_109,2020-01,0.0,0.0,0.0,0.0
2181,region_109,2020-02,0.0,0.0,0.0,0.0
2182,region_109,2020-03,0.0,0.0,0.0,0.0
2183,region_109,2020-04,0.0,0.0,0.0,0.0
2184,region_109,2020-05,0.0,0.0,0.0,0.0
2185,region_109,2020-06,0.0,0.0,0.0,0.0
2186,region_109,2020-07,139.29,139.29,100.0,0.0
2187,region_109,2020-08,560.2,420.9100000000001,3.0218249694881187,139.29
2188,region_109,2020-09,725.27,165.06999999999994,0.294662620492681,560.2
2189,region_109,2020-10,847.68,122.40999999999997,0.16877852386007963,725.27
2190,region_109,2020-11,617.36,-230.31999999999994,-0.2717063042657606,847.68
2191,region_109,2020-12,1039.68,422.32000000000005,0.6840741220681612,617.36
2192,region_109,2021-01,435.26,-604.4200000000001,-0.5813519544475223,1039.68
2193,region_109,2021-02,854.1,418.84000000000003,0.9622754215870974,435.26
2194,region_109,2021-03,1110.25,256.15,0.29990633415290957,854.1
2195,region_109,2021-04,1010.0,-100.25,-0.0902949786084215,1110.25
2196,region_109,2021-05,762.89,-247.11,-0.24466336633663366,1010.0
2197,region_109,2021-06,1107.77,344.88,0.4520704164427374,762.89
2198,region_109,2021-07,1099.39,-8.379999999999882,-0.007564747194814703,1107.77
2199,region_109,2021-08,2553.56,1454.1699999999998,1.3227062279991628,1099.39
2200,region_110,2020-01,0.0,0.0,0.0,0.0
2201,region_110,2020-02,0.0,0.0,0.0,0.0
2202,region_110,2020-03,0.0,0.0,0.0,0.0
2203,region_110,2020-04,0.0,0.0,0.0,0.0
2204,region_110,2020-05,0.0,0.0,0.0,0.0
2205,region_110,2020-06,0.0,0.0,0.0,0.0
2206,region_110,2020-07,1065.1,1065.1,100.0,0.0
2207,region_110,2020-08,697.51,-367.5899999999999,-0.34512252370669416,1065.1
2208,region_110,2020-09,906.74,209.23000000000002,0.29996702556235766,697.51
2209,region_110,2020-10,1026.68,119.94000000000005,0.13227606590643415,906.74
2210,region_110,2020-11,1203.13,176.45000000000005,0.1718646511084272,1026.68
2211,region_110,2020-12,483.34,-719.7900000000002,-0.5982645266928761,1203.13
2212,region_110,2021-01,1424.52,941.1800000000001,1.9472421070054207,483.34
2213,region_110,2021-02,620.81,-803.71,-0.5641970628703001,1424.52
2214,region_110,2021-03,535.73,-85.07999999999993,-0.13704676148902228,620.81
2215,region_110,2021-04,1276.42,740.69,1.382580777630523,535.73
2216,region_110,2021-05,243.8,-1032.6200000000001,-0.8089970385923129,1276.42
2217,region_110,2021-06,959.97,716.1700000000001,2.9375307629204266,243.8
2218,region_110,2021-07,987.13,27.159999999999968,0.02829255080887938,959.97
2219,region_110,2021-08,482.55,-504.58,-0.5111586113277886,987.13
2220,region_111,2020-01,0.0,0.0,0.0,0.0
2221,region_111,2020-02,0.0,0.0,0.0,0.0
2222,region_111,2020-03,0.0,0.0,0.0,0.0
2223,region_111,2020-04,0.0,0.0,0.0,0.0
2224,region_111,2020-05,0.0,0.0,0.0,0.0
2225,region_111,2020-06,0.0,0.0,0.0,0.0
2226,region_111,2020-07,0.0,0.0,0.0,0.0
2227,region_111,2020-08,276.02,276.02,100.0,0.0
2228,region_111,2020-09,477.83,201.81,0.731142670820955,276.02
2229,region_111,2020-10,396.93,-80.89999999999998,-0.16930707573823323,477.83
2230,region_111,2020-11,194.44,-202.49,-0.5101403270098002,396.93
2231,region_111,2020-12,399.71,205.26999999999998,1.0556984159637932,194.44
2232,region_111,2021-01,442.25,42.54000000000002,0.10642715969077576,399.71
2233,region_111,2021-02,360.11,-82.13999999999999,-0.18573205200678344,442.25
2234,region_111,2021-03,183.37,-176.74,-0.4907944794646081,360.11
2235,region_111,2021-04,540.69,357.32000000000005,1.9486284561269565,183.37
2236,region_111,2021-05,870.62,329.92999999999995,0.6102017792080487,540.69
2237,region_111,2021-06,380.3,-490.32,-0.5631848567687395,870.62
2238,region_111,2021-07,836.97,456.67,1.2008151459374177,380.3
2239,region_111,2021-08,598.92,-238.05000000000007,-0.2844187963726299,836.97
2240,region_112,2020-01,0.0,0.0,0.0,0.0
2241,region_112,2020-02,0.0,0.0,0.0,0.0
2242,region_112,2020-03,0.0,0.0,0.0,0.0
2243,region_112,2020-04,0.0,0.0,0.0,0.0
2244,region_112,2020-05,0.0,0.0,0.0,0.0
2245,region_112,2020-06,0.0,0.0,0.0,0.0
2246,region_112,2020-07,0.0,0.0,0.0,0.0
2247,region_112,2020-08,0.0,0.0,0.0,0.0
2248,region_112,2020-09,0.0,0.0,0.0,0.0
2249,region_112,2020-10,0.0,0.0,0.0,0.0
2250,region_112,2020-11,0.0,0.0,0.0,0.0
2251,region_112,2020-12,45.09,45.09,100.0,0.0
2252,region_112,2021-01,133.5,88.41,1.9607451763140382,45.09
2253,region_112,2021-02,0.0,-133.5,-1.0,133.5
2254,region_112,2021-03,0.0,0.0,0.0,0.0
2255,region_112,2021-04,159.7,159.7,100.0,0.0
2256,region_112,2021-05,77.56,-82.13999999999999,-0.514339386349405,159.7
2257,region_112,2021-06,0.0,-77.56,-1.0,77.56
2258,region_112,2021-07,523.16,523.16,100.0,0.0
2259,region_112,2021-08,193.8,-329.35999999999996,-0.6295588347733007,523.16
2260,region_113,2020-01,0.0,0.0,0.0,0.0
2261,region_113,2020-02,0.0,0.0,0.0,0.0
2262,region_113,2020-03,0.0,0.0,0.0,0.0
2263,region_113,2020-04,0.0,0.0,0.0,0.0
2264,region_113,2020-05,0.0,0.0,0.0,0.0
2265,region_113,2020-06,0.0,0.0,0.0,0.0
2266,region_113,2020-07,140.69,140.69,100.0,0.0
2267,region_113,2020-08,679.66,538.97,3.8309048262136614,140.69
2268,region_113,2020-09,692.45,12.790000000000077,0.018818232645734678,679.66
2269,region_113,2020-10,35.17,-657.2800000000001,-0.9492093291934436,692.45
2270,region_113,2020-11,77.56,42.39,1.205288598237134,35.17
2271,region_113,2020-12,0.0,-77.56,-1.0,77.56
2272,region_113,2021-01,0.0,0.0,0.0,0.0
2273,region_113,2021-02,26.19,26.19,100.0,0.0
2274,region_113,2021-03,129.94,103.75,3.96143566246659,26.19
2275,region_113,2021-04,96.97,-32.97,-0.25373249191934744,129.94
2276,region_113,2021-05,256.66,159.69000000000003,1.6467979787563167,96.97
2277,region_113,2021-06,96.97,-159.69000000000003,-0.6221849918179694,256.66
2278,region_113,2021-07,96.97,0.0,0.0,96.97
2279,region_113,2021-08,0.0,-96.97,-1.0,96.97
2280,region_114,2020-01,0.0,0.0,0.0,0.0
2281,region_114,2020-02,0.0,0.0,0.0,0.0
2282,region_114,2020-03,0.0,0.0,0.0,0.0
2283,region_114,2020-04,0.0,0.0,0.0,0.0
2284,region_114,2020-05,0.0,0.0,0.0,0.0
2285,region_114,2020-06,0.0,0.0,0.0,0.0
2286,region_114,2020-07,380.1,380.1,100.0,0.0
2287,region_114,2020-08,833.65,453.54999999999995,1.193238621415417,380.1
2288,region_114,2020-09,1296.08,462.42999999999995,0.5547052120194327,833.65
2289,region_114,2020-10,832.16,-463.91999999999996,-0.35794086784766377,1296.08
2290,region_114,2020-11,450.59,-381.57,-0.4585296096904442,832.16
2291,region_114,2020-12,401.83,-48.75999999999999,-0.10821367540336002,450.59
2292,region_114,2021-01,450.08,48.25,0.12007565388348307,401.83
2293,region_114,2021-02,151.72,-298.36,-0.66290437255599,450.08
2294,region_114,2021-03,575.55,423.8299999999999,2.7935011863959924,151.72
2295,region_114,2021-04,446.18,-129.36999999999995,-0.2247763009295456,575.55
2296,region_114,2021-05,129.71,-316.47,-0.7092877314088484,446.18
2297,region_114,2021-06,150.9,21.189999999999998,0.16336442834014342,129.71
2298,region_114,2021-07,848.57,697.6700000000001,4.623392975480451,150.9
2299,region_114,2021-08,127.44,-721.1300000000001,-0.8498179289864125,848.57
2300,region_115,2020-01,0.0,0.0,0.0,0.0
2301,region_115,2020-02,0.0,0.0,0.0,0.0
2302,region_115,2020-03,0.0,0.0,0.0,0.0
2303,region_115,2020-04,0.0,0.0,0.0,0.0
2304,region_115,2020-05,0.0,0.0,0.0,0.0
2305,region_115,2020-06,0.0,0.0,0.0,0.0
2306,region_115,2020-07,83.31,83.31,100.0,0.0
2307,region_115,2020-08,0.0,-83.31,-1.0,83.31
2308,region_115,2020-09,23.74,23.74,100.0,0.0
2309,region_115,2020-10,390.08,366.34,15.43133951137321,23.74
2310,region_115,2020-11,479.98,89.90000000000003,0.23046554552912224,390.08
2311,region_115,2020-12,149.35,-330.63,-0.6888412017167382,479.98
2312,region_115,2021-01,1897.78,1748.43,11.706930030130566,149.35
2313,region_115,2021-02,1147.53,-750.25,-0.3953303333368462,1897.78
2314,region_115,2021-03,1368.27,220.74,0.19236098402656143,1147.53
2315,region_115,2021-04,1629.79,261.52,0.19113186724842324,1368.27
2316,region_115,2021-05,1176.43,-453.3599999999999,-0.2781708072819197,1629.79
2317,region_115,2021-06,915.79,-260.6400000000001,-0.22155164353170187,1176.43
2318,region_115,2021-07,765.76,-150.02999999999997,-0.16382576791622527,915.79
2319,region_115,2021-08,620.31,-145.45000000000005,-0.189942018386962,765.76
2320,region_116,2020-01,0.0,0.0,0.0,0.0
2321,region_116,2020-02,0.0,0.0,0.0,0.0
2322,region_116,2020-03,0.0,0.0,0.0,0.0
2323,region_116,2020-04,0.0,0.0,0.0,0.0
2324,region_116,2020-05,0.0,0.0,0.0,0.0
2325,region_116,2020-06,0.0,0.0,0.0,0.0
2326,region_116,2020-07,28.13,28.13,100.0,0.0
2327,region_116,2020-08,201.8,173.67000000000002,6.173835762531106,28.13
2328,region_116,2020-09,35.17,-166.63,-0.8257185332011893,201.8
2329,region_116,2020-10,113.61,78.44,2.2303099232300254,35.17
2330,region_116,2020-11,195.43,81.82000000000001,0.7201830824751343,113.61
2331,region_116,2020-12,755.02,559.5899999999999,2.8633781916798853,195.43
2332,region_116,2021-01,229.73,-525.29,-0.6957299144393526,755.02
2333,region_116,2021-02,467.67,237.94000000000003,1.0357376050145826,229.73
2334,region_116,2021-03,706.73,239.06,0.5111724078944555,467.67
2335,region_116,2021-04,510.51,-196.22000000000003,-0.2776449280489013,706.73
2336,region_116,2021-05,906.25,395.74,0.7751855987150105,510.51
2337,region_116,2021-06,1203.51,297.26,0.3280110344827587,906.25
2338,region_116,2021-07,2126.56,923.05,0.7669649608229263,1203.51
2339,region_116,2021-08,608.46,-1518.1,-0.7138759310811827,2126.56
2340,region_117,2020-01,0.0,0.0,0.0,0.0
2341,region_117,2020-02,0.0,0.0,0.0,0.0
2342,region_117,2020-03,0.0,0.0,0.0,0.0
2343,region_117,2020-04,0.0,0.0,0.0,0.0
2344,region_117,2020-05,0.0,0.0,0.0,0.0
2345,region_117,2020-06,0.0,0.0,0.0,0.0
2346,region_117,2020-07,654.24,654.24,100.0,0.0
2347,region_117,2020-08,679.1,24.860000000000014,0.03799828808999761,654.24
2348,region_117,2020-09,327.13,-351.97,-0.5182889117950229,679.1
2349,region_117,2020-10,959.13,632.0,1.9319536575673282,327.13
2350,region_117,2020-11,691.41,-267.72,-0.27912795971349036,959.13
2351,region_117,2020-12,946.06,254.64999999999998,0.3683053470444453,691.41
2352,region_117,2021-01,1140.69,194.6300000000001,0.20572690949834072,946.06
2353,region_117,2021-02,1073.23,-67.46000000000004,-0.05913964354907997,1140.69
2354,region_117,2021-03,735.46,-337.77,-0.3147228459882784,1073.23
2355,region_117,2021-04,1088.13,352.6700000000001,0.4795230196067768,735.46
2356,region_117,2021-05,1907.23,819.0999999999999,0.7527593210370083,1088.13
2357,region_117,2021-06,1186.88,-720.3499999999999,-0.3776943525426928,1907.23
2358,region_117,2021-07,1293.13,106.25,0.08952042329468868,1186.88
2359,region_117,2021-08,1110.02,-183.11000000000013,-0.1416021591023332,1293.13
2360,region_118,2020-01,0.0,0.0,0.0,0.0
2361,region_118,2020-02,0.0,0.0,0.0,0.0
2362,region_118,2020-03,0.0,0.0,0.0,0.0
2363,region_118,2020-04,0.0,0.0,0.0,0.0
2364,region_118,2020-05,0.0,0.0,0.0,0.0
2365,region_118,2020-06,0.0,0.0,0.0,0.0
2366,region_118,2020-07,0.0,0.0,0.0,0.0
2367,region_118,2020-08,16.4,16.4,100.0,0.0
2368,region_118,2020-09,0.0,-16.4,-1.0,16.4
2369,region_118,2020-10,83.31,83.31,100.0,0.0
2370,region_118,2020-11,0.0,-83.31,-1.0,83.31
2371,region_118,2020-12,15.23,15.23,100.0,0.0
2372,region_118,2021-01,45.09,29.860000000000003,1.9606040709126726,15.23
2373,region_118,2021-02,272.0,226.91,5.032379685074296,45.09
2374,region_118,2021-03,70.0,-202.0,-0.7426470588235294,272.0
2375,region_118,2021-04,293.2,223.2,3.1885714285714286,70.0
2376,region_118,2021-05,174.52,-118.67999999999998,-0.4047748976807639,293.2
2377,region_118,2021-06,343.06,168.54,0.9657345862938345,174.52
2378,region_118,2021-07,255.05,-88.00999999999999,-0.256544044773509,343.06
2379,region_118,2021-08,324.45,69.39999999999998,0.27210350911585945,255.05
2380,region_119,2020-01,0.0,0.0,0.0,0.0
2381,region_119,2020-02,0.0,0.0,0.0,0.0
2382,region_119,2020-03,0.0,0.0,0.0,0.0
2383,region_119,2020-04,0.0,0.0,0.0,0.0
2384,region_119,2020-05,0.0,0.0,0.0,0.0
2385,region_119,2020-06,0.0,0.0,0.0,0.0
2386,region_119,2020-07,0.0,0.0,0.0,0.0
2387,region_119,2020-08,35.17,35.17,100.0,0.0
2388,region_119,2020-09,132.25,97.08,2.7603070798976397,35.17
2389,region_119,2020-10,608.88,476.63,3.6040075614366733,132.25
2390,region_119,2020-11,112.19,-496.69,-0.815743660491394,608.88
2391,region_119,2020-12,420.11,307.92,2.7446296461360196,112.19
2392,region_119,2021-01,98.23,-321.88,-0.7661802861155411,420.11
2393,region_119,2021-02,432.87,334.64,3.4066985645933014,98.23
2394,region_119,2021-03,304.23,-128.64,-0.29717929170420676,432.87
2395,region_119,2021-04,77.56,-226.67000000000002,-0.7450613023041778,304.23
2396,region_119,2021-05,761.61,684.05,8.819623517276947,77.56
2397,region_119,2021-06,309.79,-451.82,-0.5932432609865942,761.61
2398,region_119,2021-07,86.4,-223.39000000000001,-0.7211013912650506,309.79
2399,region_119,2021-08,222.13,135.73,1.5709490740740737,86.4
2400,region_120,2020-01,0.0,0.0,0.0,0.0
2401,region_120,2020-02,0.0,0.0,0.0,0.0
2402,region_120,2020-03,0.0,0.0,0.0,0.0
2403,region_120,2020-04,0.0,0.0,0.0,0.0
2404,region_120,2020-05,0.0,0.0,0.0,0.0
2405,region_120,2020-06,0.0,0.0,0.0,0.0
2406,region_120,2020-07,1328.45,1328.45,100.0,0.0
2407,region_120,2020-08,0.0,-1328.45,-1.0,1328.45
2408,region_120,2020-09,653.82,653.82,100.0,0.0
2409,region_120,2020-10,1865.87,1212.0499999999997,1.853797681319017,653.82
2410,region_120,2020-11,2400.55,534.6800000000003,0.28655801315204177,1865.87
2411,region_120,2020-12,1648.09,-752.4600000000003,-0.31345316698256653,2400.55
2412,region_120,2021-01,3471.3,1823.2100000000003,1.1062563330886057,1648.09
2413,region_120,2021-02,3999.44,528.1399999999999,0.15214472964019232,3471.3
2414,region_120,2021-03,3159.37,-840.0700000000002,-0.21004690656691938,3999.44
2415,region_120,2021-04,4303.46,1144.0900000000001,0.3621259934733825,3159.37
2416,region_120,2021-05,4182.61,-120.85000000000036,-0.028082054904658205,4303.46
2417,region_120,2021-06,3363.44,-819.1699999999996,-0.19585139422513687,4182.61
2418,region_120,2021-07,5749.24,2385.7999999999997,0.70933330161977,3363.44
2419,region_120,2021-08,3923.08,-1826.1599999999999,-0.31763502654263864,5749.24
2420,region_121,2020-01,0.0,0.0,0.0,0.0
2421,region_121,2020-02,0.0,0.0,0.0,0.0
2422,region_121,2020-03,0.0,0.0,0.0,0.0
2423,region_121,2020-04,0.0,0.0,0.0,0.0
2424,region_121,2020-05,0.0,0.0,0.0,0.0
2425,region_121,2020-06,0.0,0.0,0.0,0.0
2426,region_121,2020-07,952.37,952.37,100.0,0.0
2427,region_121,2020-08,1036.89,84.5200000000001,0.0887470205907368,952.37
2428,region_121,2020-09,1535.91,499.02,0.48126609379972796,1036.89
2429,region_121,2020-10,2125.61,589.7,0.3839417674212682,1535.91
2430,region_121,2020-11,2860.29,734.6799999999998,0.34563254783332775,2125.61
2431,region_121,2020-12,3612.18,751.8899999999999,0.2628719465508742,2860.29
2432,region_121,2021-01,3413.5,-198.67999999999984,-0.05500279609543268,3612.18
2433,region_121,2021-02,4587.19,1173.6899999999996,0.34383770323714646,3413.5
2434,region_121,2021-03,4052.78,-534.4099999999994,-0.11650051556617436,4587.19
2435,region_121,2021-04,3466.59,-586.19,-0.14463898854613377,4052.78
2436,region_121,2021-05,4877.34,1410.75,0.4069561153756285,3466.59
2437,region_121,2021-06,4060.77,-816.5700000000002,-0.167421176296916,4877.34
2438,region_121,2021-07,3692.94,-367.8299999999999,-0.09058134294727349,4060.77
2439,region_121,2021-08,4097.76,404.82000000000016,0.10961997757883957,3692.94
2440,region_122,2020-01,0.0,0.0,0.0,0.0
2441,region_122,2020-02,0.0,0.0,0.0,0.0
2442,region_122,2020-03,0.0,0.0,0.0,0.0
2443,region_122,2020-04,0.0,0.0,0.0,0.0
2444,region_122,2020-05,0.0,0.0,0.0,0.0
2445,region_122,2020-06,0.0,0.0,0.0,0.0
2446,region_122,2020-07,47.04,47.04,100.0,0.0
2447,region_122,2020-08,410.09,363.04999999999995,7.717899659863946,47.04
2448,region_122,2020-09,436.5,26.410000000000025,0.0644004974517789,410.09
2449,region_122,2020-10,459.29,22.79000000000002,0.05221076746849951,436.5
2450,region_122,2020-11,788.08,328.79,0.715865792854188,459.29
2451,region_122,2020-12,1744.49,956.41,1.2135950664907114,788.08
2452,region_122,2021-01,1078.98,-665.51,-0.38149258522548135,1744.49
2453,region_122,2021-02,1330.14,251.16000000000008,0.2327753989879331,1078.98
2454,region_122,2021-03,1254.38,-75.75999999999999,-0.05695641060339507,1330.14
2455,region_122,2021-04,1144.88,-109.5,-0.08729412139861925,1254.38
2456,region_122,2021-05,1028.62,-116.26000000000022,-0.10154776046397895,1144.88
2457,region_122,2021-06,676.76,-351.8599999999999,-0.3420699578075479,1028.62
2458,region_122,2021-07,1444.68,767.9200000000001,1.1347006324250843,676.76
2459,region_122,2021-08,915.79,-528.8900000000001,-0.36609491375252656,1444.68
2460,region_123,2020-01,0.0,0.0,0.0,0.0
2461,region_123,2020-02,0.0,0.0,0.0,0.0
2462,region_123,2020-03,0.0,0.0,0.0,0.0
2463,region_123,2020-04,0.0,0.0,0.0,0.0
2464,region_123,2020-05,0.0,0.0,0.0,0.0
2465,region_123,2020-06,0.0,0.0,0.0,0.0
2466,region_123,2020-07,0.0,0.0,0.0,0.0
2467,region_123,2020-08,104.11,104.11,100.0,0.0
2468,region_123,2020-09,0.0,-104.11,-1.0,104.11
2469,region_123,2020-10,215.18,215.18,100.0,0.0
2470,region_123,2020-11,0.0,-215.18,-1.0,215.18
2471,region_123,2020-12,187.15,187.15,100.0,0.0
2472,region_123,2021-01,267.01,79.85999999999999,0.4267165375367352,187.15
2473,region_123,2021-02,96.97,-170.04,-0.6368300812703644,267.01
2474,region_123,2021-03,0.0,-96.97,-1.0,96.97
2475,region_123,2021-04,32.74,32.74,100.0,0.0
2476,region_123,2021-05,207.55,174.81,5.33934025656689,32.74
2477,region_123,2021-06,218.64,11.089999999999975,0.053432907733076185,207.55
2478,region_123,2021-07,365.46,146.82,0.6715148188803512,218.64
2479,region_123,2021-08,271.74,-93.71999999999997,-0.25644393367263163,365.46
2480,region_124,2020-01,0.0,0.0,0.0,0.0
2481,region_124,2020-02,0.0,0.0,0.0,0.0
2482,region_124,2020-03,0.0,0.0,0.0,0.0
2483,region_124,2020-04,0.0,0.0,0.0,0.0
2484,region_124,2020-05,0.0,0.0,0.0,0.0
2485,region_124,2020-06,0.0,0.0,0.0,0.0
2486,region_124,2020-07,143.74,143.74,100.0,0.0
2487,region_124,2020-08,979.96,836.22,5.817587310421595,143.74
2488,region_124,2020-09,917.94,-62.01999999999998,-0.06328829748152986,979.96
2489,region_124,2020-10,688.64,-229.30000000000007,-0.24979846177310072,917.94
2490,region_124,2020-11,1535.39,846.7500000000001,1.2295974674721193,688.64
2491,region_124,2020-12,2170.58,635.1899999999998,0.4136994509538292,1535.39
2492,region_124,2021-01,1349.94,-820.6399999999999,-0.3780740631536271,2170.58
2493,region_124,2021-02,741.77,-608.1700000000001,-0.4505163192438183,1349.94
2494,region_124,2021-03,2309.29,1567.52,2.113215686803187,741.77
2495,region_124,2021-04,1483.86,-825.4300000000001,-0.3574388664914324,2309.29
2496,region_124,2021-05,2510.49,1026.6299999999999,0.6918644616068901,1483.86
2497,region_124,2021-06,1003.51,-1506.9799999999998,-0.6002732534286135,2510.49
2498,region_124,2021-07,2511.87,1508.36,1.5030841745473387,1003.51
2499,region_124,2021-08,1482.13,-1029.7399999999998,-0.4099495594915341,2511.87
2500,region_125,2020-01,0.0,0.0,0.0,0.0
2501,region_125,2020-02,0.0,0.0,0.0,0.0
2502,region_125,2020-03,0.0,0.0,0.0,0.0
2503,region_125,2020-04,0.0,0.0,0.0,0.0
2504,region_125,2020-05,0.0,0.0,0.0,0.0
2505,region_125,2020-06,0.0,0.0,0.0,0.0
2506,region_125,2020-07,143.74,143.74,100.0,0.0
2507,region_125,2020-08,111.45,-32.290000000000006,-0.2246417142062057,143.74
2508,region_125,2020-09,327.28,215.82999999999998,1.9365634813817851,111.45
2509,region_125,2020-10,378.21,50.93000000000001,0.15561598631141527,327.28
2510,region_125,2020-11,299.75,-78.45999999999998,-0.20745088707331905,378.21
2511,region_125,2020-12,110.3,-189.45,-0.6320266889074229,299.75
2512,region_125,2021-01,310.29,199.99,1.8131459655485043,110.3
2513,region_125,2021-02,232.95,-77.34000000000003,-0.24925070095716917,310.29
2514,region_125,2021-03,169.24,-63.70999999999998,-0.27349216570079404,232.95
2515,region_125,2021-04,666.95,497.71000000000004,2.9408532261876625,169.24
2516,region_125,2021-05,525.39,-141.56000000000006,-0.2122497938376191,666.95
2517,region_125,2021-06,247.07,-278.32,-0.5297398123298882,525.39
2518,region_125,2021-07,409.25,162.18,0.6564131622617073,247.07
2519,region_125,2021-08,187.86,-221.39,-0.5409651802076969,409.25
2520,region_126,2020-01,0.0,0.0,0.0,0.0
2521,region_126,2020-02,0.0,0.0,0.0,0.0
2522,region_126,2020-03,0.0,0.0,0.0,0.0
2523,region_126,2020-04,0.0,0.0,0.0,0.0
2524,region_126,2020-05,0.0,0.0,0.0,0.0
2525,region_126,2020-06,0.0,0.0,0.0,0.0
2526,region_126,2020-07,235.98,235.98,100.0,0.0
2527,region_126,2020-08,486.65,250.67,1.0622510382235784,235.98
2528,region_126,2020-09,1437.92,951.2700000000001,1.9547313264152884,486.65
2529,region_126,2020-10,828.7,-609.22,-0.4236814287303884,1437.92
2530,region_126,2020-11,1263.65,434.95000000000005,0.5248582116568119,828.7
2531,region_126,2020-12,1663.08,399.42999999999984,0.3160922723855497,1263.65
2532,region_126,2021-01,1489.19,-173.88999999999987,-0.10455901099165399,1663.08
2533,region_126,2021-02,1259.14,-230.04999999999995,-0.15447995218877375,1489.19
2534,region_126,2021-03,2864.26,1605.1200000000001,1.2747748463236812,1259.14
2535,region_126,2021-04,2756.74,-107.52000000000044,-0.03753849161738121,2864.26
2536,region_126,2021-05,2757.35,0.6100000000001273,0.00022127585481412915,2756.74
2537,region_126,2021-06,3429.52,672.1700000000001,0.24377391335884102,2757.35
2538,region_126,2021-07,4094.87,665.3499999999999,0.19400674146819386,3429.52
2539,region_126,2021-08,1669.88,-2424.99,-0.5922019502450626,4094.87
2540,region_127,2020-01,0.0,0.0,0.0,0.0
2541,region_127,2020-02,0.0,0.0,0.0,0.0
2542,region_127,2020-03,0.0,0.0,0.0,0.0
2543,region_127,2020-04,0.0,0.0,0.0,0.0
2544,region_127,2020-05,0.0,0.0,0.0,0.0
2545,region_127,2020-06,0.0,0.0,0.0,0.0
2546,region_127,2020-07,417.95,417.95,100.0,0.0
2547,region_127,2020-08,1915.12,1497.1699999999998,3.5821749013039836,417.95
2548,region_127,2020-09,2548.62,633.5,0.330788671205982,1915.12
2549,region_127,2020-10,4472.18,1923.5600000000004,0.7547457055190654,2548.62
2550,region_127,2020-11,4117.39,-354.78999999999996,-0.07933267444512515,4472.18
2551,region_127,2020-12,6341.54,2224.1499999999996,0.5401844372284383,4117.39
2552,region_127,2021-01,6625.14,283.60000000000036,0.04472099836948118,6341.54
2553,region_127,2021-02,5374.8,-1250.3400000000001,-0.18872657785344915,6625.14
2554,region_127,2021-03,6782.83,1408.0299999999997,0.26196881744436995,5374.8
2555,region_127,2021-04,7412.96,630.1300000000001,0.09290075086652627,6782.83
2556,region_127,2021-05,8212.93,799.9700000000003,0.10791505687336778,7412.96
2557,region_127,2021-06,7435.95,-776.9800000000005,-0.09460448341821981,8212.93
2558,region_127,2021-07,6677.01,-758.9399999999996,-0.10206362334335217,7435.95
2559,region_127,2021-08,6500.51,-176.5,-0.026433987668132874,6677.01
2560,region_128,2020-01,0.0,0.0,0.0,0.0
2561,region_128,2020-02,0.0,0.0,0.0,0.0
2562,region_128,2020-03,0.0,0.0,0.0,0.0
2563,region_128,2020-04,0.0,0.0,0.0,0.0
2564,region_128,2020-05,0.0,0.0,0.0,0.0
2565,region_128,2020-06,0.0,0.0,0.0,0.0
2566,region_128,2020-07,347.81,347.81,100.0,0.0
2567,region_128,2020-08,1022.47,674.6600000000001,1.9397372128460941,347.81
2568,region_128,2020-09,851.69,-170.77999999999997,-0.1670269054348783,1022.47
2569,region_128,2020-10,1658.83,807.1399999999999,0.9476922354377764,851.69
2570,region_128,2020-11,957.61,-701.2199999999999,-0.4227196276893955,1658.83
2571,region_128,2020-12,549.76,-407.85,-0.4259040736834411,957.61
2572,region_128,2021-01,1775.67,1225.91,2.2299003201396976,549.76
2573,region_128,2021-02,625.12,-1150.5500000000002,-0.6479526038058874,1775.67
2574,region_128,2021-03,945.32,320.20000000000005,0.512221653442539,625.12
2575,region_128,2021-04,1700.42,755.1,0.7987771336690221,945.32
2576,region_128,2021-05,1274.94,-425.48,-0.25022053375048514,1700.42
2577,region_128,2021-06,756.13,-518.8100000000001,-0.4069289535193813,1274.94
2578,region_128,2021-07,2784.14,2028.0099999999998,2.6820917038075462,756.13
2579,region_128,2021-08,962.6,-1821.54,-0.6542558923042663,2784.14
2580,region_129,2020-01,0.0,0.0,0.0,0.0
2581,region_129,2020-02,0.0,0.0,0.0,0.0
2582,region_129,2020-03,0.0,0.0,0.0,0.0
2583,region_129,2020-04,0.0,0.0,0.0,0.0
2584,region_129,2020-05,0.0,0.0,0.0,0.0
2585,region_129,2020-06,0.0,0.0,0.0,0.0
2586,region_129,2020-07,104.11,104.11,100.0,0.0
2587,region_129,2020-08,113.61,9.5,0.09124963980405343,104.11
2588,region_129,2020-09,620.63,507.02,4.4628113722383596,113.61
2589,region_129,2020-10,111.45,-509.18,-0.8204244074569389,620.63
2590,region_129,2020-11,123.16,11.709999999999994,0.10506953790937645,111.45
2591,region_129,2020-12,181.3,58.140000000000015,0.4720688535238715,123.16
2592,region_129,2021-01,786.78,605.48,3.3396580253723105,181.3
2593,region_129,2021-02,318.82,-467.96,-0.594778718320242,786.78
2594,region_129,2021-03,259.93,-58.889999999999986,-0.18471237688978104,318.82
2595,region_129,2021-04,1188.6,928.6699999999998,3.57276959181318,259.93
2596,region_129,2021-05,661.94,-526.6599999999999,-0.443092714117449,1188.6
2597,region_129,2021-06,319.46,-342.4800000000001,-0.5173882829259451,661.94
2598,region_129,2021-07,1127.66,808.2,2.529894196456521,319.46
2599,region_129,2021-08,388.97,-738.69,-0.6550644697869925,1127.66
2600,region_130,2020-01,0.0,0.0,0.0,0.0
2601,region_130,2020-02,0.0,0.0,0.0,0.0
2602,region_130,2020-03,0.0,0.0,0.0,0.0
2603,region_130,2020-04,0.0,0.0,0.0,0.0
2604,region_130,2020-05,0.0,0.0,0.0,0.0
2605,region_130,2020-06,0.0,0.0,0.0,0.0
2606,region_130,2020-07,83.31,83.31,100.0,0.0
2607,region_130,2020-08,215.56,132.25,1.5874444844556477,83.31
2608,region_130,2020-09,464.44,248.88,1.1545741324921135,215.56
2609,region_130,2020-10,422.61,-41.829999999999984,-0.09006545517181974,464.44
2610,region_130,2020-11,467.72,45.110000000000014,0.10674144009843589,422.61
2611,region_130,2020-12,482.83,15.109999999999957,0.03230565295475918,467.72
2612,region_130,2021-01,450.36,-32.46999999999997,-0.06724934241865665,482.83
2613,region_130,2021-02,230.47,-219.89000000000001,-0.4882538413713474,450.36
2614,region_130,2021-03,456.51,226.04,0.9807784093374408,230.47
2615,region_130,2021-04,890.93,434.41999999999996,0.9516111366673237,456.51
2616,region_130,2021-05,627.19,-263.7399999999999,-0.296027746287587,890.93
2617,region_130,2021-06,961.92,334.7299999999999,0.5336979224796312,627.19
2618,region_130,2021-07,1249.78,287.86,0.2992556553559549,961.92
2619,region_130,2021-08,1221.52,-28.25999999999999,-0.022611979708428653,1249.78
2620,region_131,2020-01,0.0,0.0,0.0,0.0
2621,region_131,2020-02,0.0,0.0,0.0,0.0
2622,region_131,2020-03,0.0,0.0,0.0,0.0
2623,region_131,2020-04,0.0,0.0,0.0,0.0
2624,region_131,2020-05,0.0,0.0,0.0,0.0
2625,region_131,2020-06,0.0,0.0,0.0,0.0
2626,region_131,2020-07,347.52,347.52,100.0,0.0
2627,region_131,2020-08,262.64,-84.88,-0.24424493554327809,347.52
2628,region_131,2020-09,562.29,299.65,1.1409153213524217,262.64
2629,region_131,2020-10,752.98,190.69000000000005,0.33913105337103633,562.29
2630,region_131,2020-11,4439.32,3686.3399999999997,4.895667879624956,752.98
2631,region_131,2020-12,5764.9,1325.58,0.29859978555274225,4439.32
2632,region_131,2021-01,4534.19,-1230.71,-0.21348332147999105,5764.9
2633,region_131,2021-02,4773.65,239.46000000000004,0.052812078893914816,4534.19
2634,region_131,2021-03,4807.76,34.11000000000058,0.007145475684225078,4773.65
2635,region_131,2021-04,6236.07,1428.3099999999995,0.29708429705309736,4807.76
2636,region_131,2021-05,7774.5,1538.4300000000003,0.24669864193314073,6236.07
2637,region_131,2021-06,6127.06,-1647.4399999999996,-0.21190301627114283,7774.5
2638,region_131,2021-07,5299.01,-828.0500000000002,-0.13514638342043328,6127.06
2639,region_131,2021-08,10432.44,5133.43,0.9687526537975961,5299.01
2640,region_132,2020-01,0.0,0.0,0.0,0.0
2641,region_132,2020-02,0.0,0.0,0.0,0.0
2642,region_132,2020-03,0.0,0.0,0.0,0.0
2643,region_132,2020-04,0.0,0.0,0.0,0.0
2644,region_132,2020-05,0.0,0.0,0.0,0.0
2645,region_132,2020-06,0.0,0.0,0.0,0.0
2646,region_132,2020-07,688.29,688.29,100.0,0.0
2647,region_132,2020-08,1390.9,702.6100000000001,1.0208051838614538,688.29
2648,region_132,2020-09,2283.25,892.3499999999999,0.6415630167517434,1390.9
2649,region_132,2020-10,2518.73,235.48000000000002,0.10313369101062086,2283.25
2650,region_132,2020-11,2177.52,-341.21000000000004,-0.13546906575933115,2518.73
2651,region_132,2020-12,2280.9,103.38000000000011,0.047476027774716156,2177.52
2652,region_132,2021-01,1956.18,-324.72,-0.1423648559779035,2280.9
2653,region_132,2021-02,2309.62,353.4399999999998,0.18067866965207702,1956.18
2654,region_132,2021-03,2579.3,269.6800000000003,0.11676379664187198,2309.62
2655,region_132,2021-04,2457.49,-121.8100000000004,-0.04722599154809459,2579.3
2656,region_132,2021-05,2764.65,307.1600000000003,0.12498931836955607,2457.49
2657,region_132,2021-06,1929.76,-834.8900000000001,-0.3019875933662489,2764.65
2658,region_132,2021-07,2502.32,572.5600000000002,0.2967001077854241,1929.76
2659,region_132,2021-08,2480.87,-21.450000000000273,-0.008572045142108187,2502.32
2660,region_133,2020-01,0.0,0.0,0.0,0.0
2661,region_133,2020-02,0.0,0.0,0.0,0.0
2662,region_133,2020-03,0.0,0.0,0.0,0.0
2663,region_133,2020-04,0.0,0.0,0.0,0.0
2664,region_133,2020-05,0.0,0.0,0.0,0.0
2665,region_133,2020-06,0.0,0.0,0.0,0.0
2666,region_133,2020-07,35.17,35.17,100.0,0.0
2667,region_133,2020-08,0.0,-35.17,-1.0,35.17
2668,region_133,2020-09,276.9,276.9,100.0,0.0
2669,region_133,2020-10,264.5,-12.399999999999977,-0.04478150957024185,276.9
2670,region_133,2020-11,431.47,166.97000000000003,0.6312665406427223,264.5
2671,region_133,2020-12,211.06,-220.41000000000003,-0.5108350522631933,431.47
2672,region_133,2021-01,183.37,-27.689999999999998,-0.13119492087558038,211.06
2673,region_133,2021-02,133.5,-49.870000000000005,-0.2719637890603698,183.37
2674,region_133,2021-03,672.22,538.72,4.035355805243446,133.5
2675,region_133,2021-04,1000.18,327.9599999999999,0.48787599297848905,672.22
2676,region_133,2021-05,383.85,-616.3299999999999,-0.6162190805654981,1000.18
2677,region_133,2021-06,811.08,427.23,1.1130128956623682,383.85
2678,region_133,2021-07,942.79,131.70999999999992,0.1623884203777679,811.08
2679,region_133,2021-08,435.3,-507.48999999999995,-0.538285302135152,942.79
2680,region_134,2020-01,0.0,0.0,0.0,0.0
2681,region_134,2020-02,0.0,0.0,0.0,0.0
2682,region_134,2020-03,0.0,0.0,0.0,0.0
2683,region_134,2020-04,0.0,0.0,0.0,0.0
2684,region_134,2020-05,0.0,0.0,0.0,0.0
2685,region_134,2020-06,0.0,0.0,0.0,0.0
2686,region_134,2020-07,312.34,312.34,100.0,0.0
2687,region_134,2020-08,132.25,-180.08999999999997,-0.5765832106038291,312.34
2688,region_134,2020-09,118.49,-13.760000000000005,-0.10404536862003788,132.25
2689,region_134,2020-10,320.09,201.59999999999997,1.7014094016372687,118.49
2690,region_134,2020-11,321.64,1.5500000000000114,0.0048423880783530215,320.09
2691,region_134,2020-12,427.67,106.03000000000003,0.32965427185673435,321.64
2692,region_134,2021-01,496.67,69.0,0.1613393504337457,427.67
2693,region_134,2021-02,460.42,-36.25,-0.07298608734169565,496.67
2694,region_134,2021-03,893.89,433.46999999999997,0.9414664871204552,460.42
2695,region_134,2021-04,761.1,-132.78999999999996,-0.14855295394287882,893.89
2696,region_134,2021-05,767.45,6.350000000000023,0.008343187491788306,761.1
2697,region_134,2021-06,680.28,-87.17000000000007,-0.11358394683692763,767.45
2698,region_134,2021-07,1115.36,435.0799999999999,0.6395601811018992,680.28
2699,region_134,2021-08,533.21,-582.1499999999999,-0.5219391048630038,1115.36
2700,region_135,2020-01,0.0,0.0,0.0,0.0
2701,region_135,2020-02,0.0,0.0,0.0,0.0
2702,region_135,2020-03,0.0,0.0,0.0,0.0
2703,region_135,2020-04,0.0,0.0,0.0,0.0
2704,region_135,2020-05,0.0,0.0,0.0,0.0
2705,region_135,2020-06,0.0,0.0,0.0,0.0
2706,region_135,2020-07,35.17,35.17,100.0,0.0
2707,region_135,2020-08,0.0,-35.17,-1.0,35.17
2708,region_135,2020-09,11.87,11.87,100.0,0.0
2709,region_135,2020-10,266.98,255.11,21.49199663016007,11.87
2710,region_135,2020-11,45.09,-221.89000000000001,-0.831110944640048,266.98
2711,region_135,2020-12,53.94,8.849999999999994,0.1962741184298069,45.09
2712,region_135,2021-01,96.97,43.03,0.7977382276603635,53.94
2713,region_135,2021-02,0.0,-96.97,-1.0,96.97
2714,region_135,2021-03,0.0,0.0,0.0,0.0
2715,region_135,2021-04,96.97,96.97,100.0,0.0
2716,region_135,2021-05,421.45,324.48,3.346189543157678,96.97
2717,region_135,2021-06,8.85,-412.59999999999997,-0.9790010677423182,421.45
2718,region_135,2021-07,45.09,36.24,4.094915254237288,8.85
2719,region_135,2021-08,96.97,51.879999999999995,1.1505877134619649,45.09
2720,region_136,2020-01,0.0,0.0,0.0,0.0
2721,region_136,2020-02,0.0,0.0,0.0,0.0
2722,region_136,2020-03,0.0,0.0,0.0,0.0
2723,region_136,2020-04,0.0,0.0,0.0,0.0
2724,region_136,2020-05,0.0,0.0,0.0,0.0
2725,region_136,2020-06,0.0,0.0,0.0,0.0
2726,region_136,2020-07,0.0,0.0,0.0,0.0
2727,region_136,2020-08,16.4,16.4,100.0,0.0
2728,region_136,2020-09,28.13,11.73,0.7152439024390245,16.4
2729,region_136,2020-10,104.11,75.98,2.7010309278350517,28.13
2730,region_136,2020-11,188.88,84.77,0.8142349438094323,104.11
2731,region_136,2020-12,318.83,129.95,0.6880029648454045,188.88
2732,region_136,2021-01,52.39,-266.44,-0.8356804566696986,318.83
2733,region_136,2021-02,155.11,102.72000000000001,1.9606795189921744,52.39
2734,region_136,2021-03,230.47,75.35999999999999,0.4858487524982269,155.11
2735,region_136,2021-04,264.7,34.22999999999999,0.14852258428428855,230.47
2736,region_136,2021-05,256.15,-8.550000000000011,-0.032300717793728784,264.7
2737,region_136,2021-06,103.75,-152.39999999999998,-0.5949638883466719,256.15
2738,region_136,2021-07,133.5,29.75,0.2867469879518072,103.75
2739,region_136,2021-08,308.03,174.52999999999997,1.307340823970037,133.5
2740,region_137,2020-01,0.0,0.0,0.0,0.0
2741,region_137,2020-02,0.0,0.0,0.0,0.0
2742,region_137,2020-03,0.0,0.0,0.0,0.0
2743,region_137,2020-04,0.0,0.0,0.0,0.0
2744,region_137,2020-05,0.0,0.0,0.0,0.0
2745,region_137,2020-06,0.0,0.0,0.0,0.0
2746,region_137,2020-07,35.17,35.17,100.0,0.0
2747,region_137,2020-08,347.81,312.64,8.889394370201876,35.17
2748,region_137,2020-09,548.96,201.15000000000003,0.5783329979011531,347.81
2749,region_137,2020-10,2141.58,1592.62,2.90115855435733,548.96
2750,region_137,2020-11,1552.72,-588.8599999999999,-0.2749652126000429,2141.58
2751,region_137,2020-12,2257.38,704.6600000000001,0.4538229687258488,1552.72
2752,region_137,2021-01,1833.42,-423.96000000000004,-0.18781064774207268,2257.38
2753,region_137,2021-02,3272.49,1439.0699999999997,0.7849101678829726,1833.42
2754,region_137,2021-03,1358.37,-1914.12,-0.5849124061494458,3272.49
2755,region_137,2021-04,2136.22,777.8499999999999,0.5726348491206372,1358.37
2756,region_137,2021-05,1248.0,-888.2199999999998,-0.41579050846822885,2136.22
2757,region_137,2021-06,1954.27,706.27,0.5659214743589744,1248.0
2758,region_137,2021-07,3165.24,1210.9699999999998,0.6196533744057882,1954.27
2759,region_137,2021-08,2135.1,-1030.1399999999999,-0.3254539940099329,3165.24
2760,region_138,2020-01,0.0,0.0,0.0,0.0
2761,region_138,2020-02,0.0,0.0,0.0,0.0
2762,region_138,2020-03,0.0,0.0,0.0,0.0
2763,region_138,2020-04,0.0,0.0,0.0,0.0
2764,region_138,2020-05,0.0,0.0,0.0,0.0
2765,region_138,2020-06,0.0,0.0,0.0,0.0
2766,region_138,2020-07,0.0,0.0,0.0,0.0
2767,region_138,2020-08,0.0,0.0,0.0,0.0
2768,region_138,2020-09,35.17,35.17,100.0,0.0
2769,region_138,2020-10,35.17,0.0,0.0,35.17
2770,region_138,2020-11,65.49,30.319999999999993,0.8620983793005399,35.17
2771,region_138,2020-12,77.84,12.350000000000009,0.18857840891739208,65.49
2772,region_138,2021-01,193.93,116.09,1.49139260020555,77.84
2773,region_138,2021-02,65.49,-128.44,-0.6623008301964627,193.93
2774,region_138,2021-03,431.23,365.74,5.58466941517789,65.49
2775,region_138,2021-04,327.44,-103.79000000000002,-0.24068362590728853,431.23
2776,region_138,2021-05,448.78,121.33999999999997,0.3705717077937942,327.44
2777,region_138,2021-06,65.49,-383.28999999999996,-0.8540710370337359,448.78
2778,region_138,2021-07,502.24,436.75,6.668957092685907,65.49
2779,region_138,2021-08,181.3,-320.94,-0.6390172029308696,502.24
2780,region_139,2020-01,0.0,0.0,0.0,0.0
2781,region_139,2020-02,0.0,0.0,0.0,0.0
2782,region_139,2020-03,0.0,0.0,0.0,0.0
2783,region_139,2020-04,0.0,0.0,0.0,0.0
2784,region_139,2020-05,0.0,0.0,0.0,0.0
2785,region_139,2020-06,0.0,0.0,0.0,0.0
2786,region_139,2020-07,0.0,0.0,0.0,0.0
2787,region_139,2020-08,0.0,0.0,0.0,0.0
2788,region_139,2020-09,0.0,0.0,0.0,0.0
2789,region_139,2020-10,287.86,287.86,100.0,0.0
2790,region_139,2020-11,0.0,-287.86,-1.0,287.86
2791,region_139,2020-12,140.78,140.78,100.0,0.0
2792,region_139,2021-01,278.44,137.66,0.977837761045603,140.78
2793,region_139,2021-02,211.06,-67.38,-0.2419910932337308,278.44
2794,region_139,2021-03,207.27,-3.789999999999992,-0.017956979058087685,211.06
2795,region_139,2021-04,133.5,-73.77000000000001,-0.3559125777970763,207.27
2796,region_139,2021-05,308.03,174.52999999999997,1.307340823970037,133.5
2797,region_139,2021-06,142.06,-165.96999999999997,-0.5388111547576535,308.03
2798,region_139,2021-07,239.32,97.25999999999999,0.6846402928340136,142.06
2799,region_139,2021-08,11.07,-228.25,-0.9537439411666389,239.32
2800,region_140,2020-01,0.0,0.0,0.0,0.0
2801,region_140,2020-02,0.0,0.0,0.0,0.0
2802,region_140,2020-03,0.0,0.0,0.0,0.0
2803,region_140,2020-04,0.0,0.0,0.0,0.0
2804,region_140,2020-05,0.0,0.0,0.0,0.0
2805,region_140,2020-06,0.0,0.0,0.0,0.0
2806,region_140,2020-07,83.31,83.31,100.0,0.0
2807,region_140,2020-08,341.92,258.61,3.1041891729684314,83.31
2808,region_140,2020-09,534.18,192.25999999999993,0.562295273748245,341.92
2809,region_140,2020-10,774.72,240.54000000000008,0.4502976524766935,534.18
2810,region_140,2020-11,1198.37,423.64999999999986,0.5468427302767449,774.72
2811,region_140,2020-12,2570.64,1372.27,1.1451137795505564,1198.37
2812,region_140,2021-01,2816.48,245.84000000000015,0.0956337721345657,2570.64
2813,region_140,2021-02,3410.82,594.3400000000001,0.21102226893143228,2816.48
2814,region_140,2021-03,2739.61,-671.21,-0.19678845556200564,3410.82
2815,region_140,2021-04,3111.57,371.96000000000004,0.1357711499081986,2739.61
2816,region_140,2021-05,4224.51,1112.94,0.35767795678708825,3111.57
2817,region_140,2021-06,2494.57,-1729.94,-0.40950074683217697,4224.51
2818,region_140,2021-07,4387.57,1892.9999999999995,0.758848218330213,2494.57
2819,region_140,2021-08,2088.01,-2299.5599999999995,-0.524107877481157,4387.57
2820,region_141,2020-01,0.0,0.0,0.0,0.0
2821,region_141,2020-02,0.0,0.0,0.0,0.0
2822,region_141,2020-03,0.0,0.0,0.0,0.0
2823,region_141,2020-04,0.0,0.0,0.0,0.0
2824,region_141,2020-05,0.0,0.0,0.0,0.0
2825,region_141,2020-06,0.0,0.0,0.0,0.0
2826,region_141,2020-07,0.0,0.0,0.0,0.0
2827,region_141,2020-08,0.0,0.0,0.0,0.0
2828,region_141,2020-09,28.13,28.13,100.0,0.0
2829,region_141,2020-10,0.0,-28.13,-1.0,28.13
2830,region_141,2020-11,32.74,32.74,100.0,0.0
2831,region_141,2020-12,200.71,167.97,5.130421502748931,32.74
2832,region_141,2021-01,26.19,-174.52,-0.8695132280404564,200.71
2833,region_141,2021-02,26.19,0.0,0.0,26.19
2834,region_141,2021-03,148.84,122.65,4.683085147002672,26.19
2835,region_141,2021-04,96.97,-51.870000000000005,-0.348495028218221,148.84
2836,region_141,2021-05,96.97,0.0,0.0,96.97
2837,region_141,2021-06,395.4,298.42999999999995,3.077549757657007,96.97
2838,region_141,2021-07,103.75,-291.65,-0.7376074860900355,395.4
2839,region_141,2021-08,96.97,-6.780000000000001,-0.0653493975903614,103.75
2840,region_142,2020-01,0.0,0.0,0.0,0.0
2841,region_142,2020-02,0.0,0.0,0.0,0.0
2842,region_142,2020-03,0.0,0.0,0.0,0.0
2843,region_142,2020-04,0.0,0.0,0.0,0.0
2844,region_142,2020-05,0.0,0.0,0.0,0.0
2845,region_142,2020-06,0.0,0.0,0.0,0.0
2846,region_142,2020-07,492.66,492.66,100.0,0.0
2847,region_142,2020-08,423.3,-69.36000000000001,-0.14078674948240166,492.66
2848,region_142,2020-09,1147.82,724.52,1.7115993385305925,423.3
2849,region_142,2020-10,1893.53,745.71,0.6496750361554948,1147.82
2850,region_142,2020-11,1096.72,-796.81,-0.42080664156364034,1893.53
2851,region_142,2020-12,1994.58,897.8599999999999,0.8186775111240789,1096.72
2852,region_142,2021-01,2267.74,273.15999999999985,0.13695113758284938,1994.58
2853,region_142,2021-02,2024.79,-242.94999999999982,-0.10713309285896966,2267.74
2854,region_142,2021-03,2753.67,728.8800000000001,0.3599780718000385,2024.79
2855,region_142,2021-04,2967.21,213.53999999999996,0.07754741853599012,2753.67
2856,region_142,2021-05,3979.93,1012.7199999999998,0.3413037836890547,2967.21
2857,region_142,2021-06,2400.67,-1579.2599999999998,-0.39680597397441664,3979.93
2858,region_142,2021-07,2523.45,122.77999999999975,0.05114405561780666,2400.67
2859,region_142,2021-08,3334.14,810.69,0.32126255721333896,2523.45
2860,region_143,2020-01,0.0,0.0,0.0,0.0
2861,region_143,2020-02,0.0,0.0,0.0,0.0
2862,region_143,2020-03,0.0,0.0,0.0,0.0
2863,region_143,2020-04,0.0,0.0,0.0,0.0
2864,region_143,2020-05,0.0,0.0,0.0,0.0
2865,region_143,2020-06,0.0,0.0,0.0,0.0
2866,region_143,2020-07,113.61,113.61,100.0,0.0
2867,region_143,2020-08,117.39,3.780000000000001,0.03327171903881698,113.61
2868,region_143,2020-09,154.07,36.67999999999999,0.3124627310673822,117.39
2869,region_143,2020-10,63.31,-90.75999999999999,-0.5890828844031933,154.07
2870,region_143,2020-11,32.74,-30.57,-0.48286210709208655,63.31
2871,region_143,2020-12,77.84,45.1,1.377519853390348,32.74
2872,region_143,2021-01,132.0,54.16,0.6957862281603289,77.84
2873,region_143,2021-02,26.19,-105.81,-0.801590909090909,132.0
2874,region_143,2021-03,170.34,144.15,5.504009163802978,26.19
2875,region_143,2021-04,207.27,36.93000000000001,0.21680169073617472,170.34
2876,region_143,2021-05,96.97,-110.30000000000001,-0.532156124861292,207.27
2877,region_143,2021-06,241.28,144.31,1.4881922243992989,96.97
2878,region_143,2021-07,32.74,-208.54,-0.8643070291777188,241.28
2879,region_143,2021-08,504.15,471.40999999999997,14.398594990836894,32.74
2880,region_144,2020-01,0.0,0.0,0.0,0.0
2881,region_144,2020-02,0.0,0.0,0.0,0.0
2882,region_144,2020-03,0.0,0.0,0.0,0.0
2883,region_144,2020-04,0.0,0.0,0.0,0.0
2884,region_144,2020-05,0.0,0.0,0.0,0.0
2885,region_144,2020-06,0.0,0.0,0.0,0.0
2886,region_144,2020-07,9.49,9.49,100.0,0.0
2887,region_144,2020-08,48.56,39.07,4.116965226554267,9.49
2888,region_144,2020-09,97.11,48.55,0.9997940691927512,48.56
2889,region_144,2020-10,612.79,515.68,5.310266707857069,97.11
2890,region_144,2020-11,507.02,-105.76999999999998,-0.17260399157949702,612.79
2891,region_144,2020-12,537.0,29.980000000000018,0.05912981736420653,507.02
2892,region_144,2021-01,840.02,303.02,0.5642830540037245,537.0
2893,region_144,2021-02,90.18,-749.8399999999999,-0.8926454132044475,840.02
2894,region_144,2021-03,1034.18,944.0,10.467952982923043,90.18
2895,region_144,2021-04,566.76,-467.4200000000001,-0.45197161035796485,1034.18
2896,region_144,2021-05,267.01,-299.75,-0.5288834780153857,566.76
2897,region_144,2021-06,616.05,349.03999999999996,1.3072169581663609,267.01
2898,region_144,2021-07,598.92,-17.129999999999995,-0.02780618456294126,616.05
2899,region_144,2021-08,413.43,-185.48999999999995,-0.30970747345221394,598.92
2900,region_145,2020-01,0.0,0.0,0.0,0.0
2901,region_145,2020-02,0.0,0.0,0.0,0.0
2902,region_145,2020-03,0.0,0.0,0.0,0.0
2903,region_145,2020-04,0.0,0.0,0.0,0.0
2904,region_145,2020-05,0.0,0.0,0.0,0.0
2905,region_145,2020-06,0.0,0.0,0.0,0.0
2906,region_145,2020-07,0.0,0.0,0.0,0.0
2907,region_145,2020-08,0.0,0.0,0.0,0.0
2908,region_145,2020-09,384.1,384.1,100.0,0.0
2909,region_145,2020-10,153.66,-230.44000000000003,-0.5999479302265036,384.1
2910,region_145,2020-11,133.5,-20.159999999999997,-0.1311987504880906,153.66
2911,region_145,2020-12,52.39,-81.11,-0.6075655430711611,133.5
2912,region_145,2021-01,26.19,-26.2,-0.5000954380606986,52.39
2913,region_145,2021-02,424.4,398.21,15.204658266513935,26.19
2914,region_145,2021-03,291.18,-133.21999999999997,-0.3139019792648444,424.4
2915,region_145,2021-04,311.01,19.829999999999984,0.06810220482175966,291.18
2916,region_145,2021-05,335.49,24.480000000000018,0.07871129545673772,311.01
2917,region_145,2021-06,58.94,-276.55,-0.8243166711377389,335.49
2918,region_145,2021-07,188.65,129.71,2.2007125890736345,58.94
2919,region_145,2021-08,433.95,245.29999999999998,1.3002915451895043,188.65
2920,region_146,2020-01,0.0,0.0,0.0,0.0
2921,region_146,2020-02,0.0,0.0,0.0,0.0
2922,region_146,2020-03,0.0,0.0,0.0,0.0
2923,region_146,2020-04,0.0,0.0,0.0,0.0
2924,region_146,2020-05,0.0,0.0,0.0,0.0
2925,region_146,2020-06,0.0,0.0,0.0,0.0
2926,region_146,2020-07,0.0,0.0,0.0,0.0
2927,region_146,2020-08,0.0,0.0,0.0,0.0
2928,region_146,2020-09,0.0,0.0,0.0,0.0
2929,region_146,2020-10,35.17,35.17,100.0,0.0
2930,region_146,2020-11,363.97,328.8,9.348876883707705,35.17
2931,region_146,2020-12,295.96,-68.01000000000005,-0.1868560595653489,363.97
2932,region_146,2021-01,280.33,-15.629999999999995,-0.05281119070144613,295.96
2933,region_146,2021-02,550.1,269.77000000000004,0.9623301109406772,280.33
2934,region_146,2021-03,441.53,-108.57000000000005,-0.19736411561534273,550.1
2935,region_146,2021-04,315.09,-126.44,-0.2863678572237447,441.53
2936,region_146,2021-05,297.57,-17.519999999999982,-0.05560316100161855,315.09
2937,region_146,2021-06,347.83,50.25999999999999,0.1689014349564808,297.57
2938,region_146,2021-07,528.21,180.38000000000005,0.5185866659000089,347.83
2939,region_146,2021-08,573.3,45.08999999999992,0.08536377577099996,528.21
2940,region_147,2020-01,0.0,0.0,0.0,0.0
2941,region_147,2020-02,0.0,0.0,0.0,0.0
2942,region_147,2020-03,0.0,0.0,0.0,0.0
2943,region_147,2020-04,0.0,0.0,0.0,0.0
2944,region_147,2020-05,0.0,0.0,0.0,0.0
2945,region_147,2020-06,0.0,0.0,0.0,0.0
2946,region_147,2020-07,0.0,0.0,0.0,0.0
2947,region_147,2020-08,104.11,104.11,100.0,0.0
2948,region_147,2020-09,228.14,124.02999999999999,1.1913360868312362,104.11
2949,region_147,2020-10,104.11,-124.02999999999999,-0.5436574033488208,228.14
2950,region_147,2020-11,232.46,128.35000000000002,1.2328306598789744,104.11
2951,region_147,2020-12,429.14,196.67999999999998,0.8460810462014969,232.46
2952,region_147,2021-01,295.89,-133.25,-0.31050473039101456,429.14
2953,region_147,2021-02,134.22,-161.67,-0.5463854810909459,295.89
2954,region_147,2021-03,717.6,583.38,4.346446133214126,134.22
2955,region_147,2021-04,568.65,-148.95000000000005,-0.20756688963210712,717.6
2956,region_147,2021-05,0.0,-568.65,-1.0,568.65
2957,region_147,2021-06,329.63,329.63,100.0,0.0
2958,region_147,2021-07,304.23,-25.399999999999977,-0.07705609319540085,329.63
2959,region_147,2021-08,123.16,-181.07000000000002,-0.5951747033494397,304.23
2960,region_148,2020-01,0.0,0.0,0.0,0.0
2961,region_148,2020-02,0.0,0.0,0.0,0.0
2962,region_148,2020-03,0.0,0.0,0.0,0.0
2963,region_148,2020-04,0.0,0.0,0.0,0.0
2964,region_148,2020-05,0.0,0.0,0.0,0.0
2965,region_148,2020-06,0.0,0.0,0.0,0.0
2966,region_148,2020-07,0.0,0.0,0.0,0.0
2967,region_148,2020-08,256.79,256.79,100.0,0.0
2968,region_148,2020-09,1275.92,1019.1300000000001,3.968729311889092,256.79
2969,region_148,2020-10,4587.25,3311.33,2.5952489184274876,1275.92
2970,region_148,2020-11,4915.75,328.5,0.07161153196359482,4587.25
2971,region_148,2020-12,3898.94,-1016.81,-0.2068473783247724,4915.75
2972,region_148,2021-01,5918.46,2019.52,0.5179664216428055,3898.94
2973,region_148,2021-02,10011.66,4093.2,0.691598828073519,5918.46
2974,region_148,2021-03,9986.97,-24.69000000000051,-0.002466124498834432,10011.66
2975,region_148,2021-04,5482.73,-4504.24,-0.45101166820366934,9986.97
2976,region_148,2021-05,6163.48,680.75,0.12416259782991323,5482.73
2977,region_148,2021-06,6708.24,544.7600000000002,0.0883851330741725,6163.48
2978,region_148,2021-07,9742.96,3034.7199999999993,0.4523869151968325,6708.24
2979,region_148,2021-08,4777.64,-4965.319999999999,-0.5096315698719895,9742.96
2980,region_149,2020-01,0.0,0.0,0.0,0.0
2981,region_149,2020-02,0.0,0.0,0.0,0.0
2982,region_149,2020-03,0.0,0.0,0.0,0.0
2983,region_149,2020-04,0.0,0.0,0.0,0.0
2984,region_149,2020-05,0.0,0.0,0.0,0.0
2985,region_149,2020-06,0.0,0.0,0.0,0.0
2986,region_149,2020-07,187.84,187.84,100.0,0.0
2987,region_149,2020-08,665.69,477.85,2.543920357751278,187.84
2988,region_149,2020-09,473.34,-192.35000000000008,-0.2889483092730851,665.69
2989,region_149,2020-10,852.07,378.7300000000001,0.800122533485444,473.34
2990,region_149,2020-11,616.05,-236.0200000000001,-0.27699602145363655,852.07
2991,region_149,2020-12,862.14,246.09000000000003,0.39946432919405894,616.05
2992,region_149,2021-01,330.42,-531.72,-0.6167443802630663,862.14
2993,region_149,2021-02,771.16,440.73999999999995,1.3338780945463347,330.42
2994,region_149,2021-03,474.28,-296.88,-0.38497847398724006,771.16
2995,region_149,2021-04,415.56,-58.71999999999997,-0.12380872058699499,474.28
2996,region_149,2021-05,960.62,545.06,1.3116276831263836,415.56
2997,region_149,2021-06,596.64,-363.98,-0.3789011263558951,960.62
2998,region_149,2021-07,629.19,32.55000000000007,0.054555510860820666,596.64
2999,region_149,2021-08,998.29,369.0999999999999,0.5866272509098998,629.19
3000,region_150,2020-01,0.0,0.0,0.0,0.0
3001,region_150,2020-02,0.0,0.0,0.0,0.0
3002,region_150,2020-03,0.0,0.0,0.0,0.0
3003,region_150,2020-04,0.0,0.0,0.0,0.0
3004,region_150,2020-05,0.0,0.0,0.0,0.0
3005,region_150,2020-06,0.0,0.0,0.0,0.0
3006,region_150,2020-07,418.57,418.57,100.0,0.0
3007,region_150,2020-08,461.94,43.370000000000005,0.1036146881047375,418.57
3008,region_150,2020-09,659.86,197.92000000000002,0.4284539117634325,461.94
3009,region_150,2020-10,305.34,-354.52000000000004,-0.5372654805564817,659.86
3010,region_150,2020-11,795.44,490.1000000000001,1.6050959586035245,305.34
3011,region_150,2020-12,1028.9,233.46000000000004,0.2934979382480136,795.44
3012,region_150,2021-01,1319.8,290.89999999999986,0.28272912819515983,1028.9
3013,region_150,2021-02,609.56,-710.24,-0.5381421427489014,1319.8
3014,region_150,2021-03,414.06,-195.49999999999994,-0.32072314456329154,609.56
3015,region_150,2021-04,1135.14,721.0800000000002,1.7414867410520216,414.06
3016,region_150,2021-05,855.78,-279.3600000000001,-0.2461018024208469,1135.14
3017,region_150,2021-06,1850.76,994.98,1.1626586272172754,855.78
3018,region_150,2021-07,1143.16,-707.5999999999999,-0.3823294214268732,1850.76
3019,region_150,2021-08,504.71,-638.45,-0.558495748626614,1143.16
