,month,region,brand,sales
755,2020-01,region_151,brand_3,35347.3
756,2020-01,region_151,brand_12_market,213189.25
757,2020-01,region_151,brand_3_market,423435.51
758,2020-01,region_152,brand_3,34091.04
759,2020-01,region_152,brand_12_market,188121.51
760,2020-01,region_152,brand_3_market,370897.48
761,2020-01,region_153,brand_3,80850.53
762,2020-01,region_153,brand_12_market,345835.48
763,2020-01,region_153,brand_3_market,638550.94
764,2020-01,region_154,brand_3,112536.32
765,2020-01,region_154,brand_12_market,371244.39
766,2020-01,region_154,brand_3_market,763286.09
767,2020-01,region_155,brand_3,38949.72
768,2020-01,region_155,brand_12_market,293474.6
769,2020-01,region_155,brand_3_market,548933.02
770,2020-01,region_156,brand_3,25760.46
771,2020-01,region_156,brand_12_market,230087.35
772,2020-01,region_156,brand_3_market,393375.01
773,2020-01,region_157,brand_3,68477.84
774,2020-01,region_157,brand_12_market,396751.84
775,2020-01,region_157,brand_3_market,781679.37
776,2020-01,region_158,brand_3,38782.51
777,2020-01,region_158,brand_12_market,283147.83
778,2020-01,region_158,brand_3_market,525668.18
779,2020-01,region_159,brand_3,45162.91
780,2020-01,region_159,brand_12_market,350480.79
781,2020-01,region_159,brand_3_market,613921.4
782,2020-01,region_160,brand_3,20830.35
783,2020-01,region_160,brand_12_market,284773.77
784,2020-01,region_160,brand_3_market,519770.11
785,2020-01,region_161,brand_3,12578.57
786,2020-01,region_161,brand_12_market,146889.37
787,2020-01,region_161,brand_3_market,253170.14
788,2020-01,region_162,brand_3,76878.62
789,2020-01,region_162,brand_12_market,252991.08
790,2020-01,region_162,brand_3_market,618662.59
791,2020-01,region_163,brand_3,42929.08
792,2020-01,region_163,brand_12_market,320118.08
793,2020-01,region_163,brand_3_market,573547.88
794,2020-01,region_164,brand_3,70629.19
795,2020-01,region_164,brand_12_market,436292.2
796,2020-01,region_164,brand_3_market,819272.89
797,2020-01,region_165,brand_3,120680.95
798,2020-01,region_165,brand_12_market,450378.19
799,2020-01,region_165,brand_3_market,1027041.89
800,2020-01,region_166,brand_3,17465.08
801,2020-01,region_166,brand_12_market,184057.08
802,2020-01,region_166,brand_3_market,313238.15
803,2020-01,region_167,brand_3,23089.2
804,2020-01,region_167,brand_12_market,266839.79
805,2020-01,region_167,brand_3_market,464318.88
806,2020-01,region_168,brand_3,74743.32
807,2020-01,region_168,brand_12_market,368358.08
808,2020-01,region_168,brand_3_market,627574.15
809,2020-01,region_169,brand_3,27649.13
810,2020-01,region_169,brand_12_market,233400.36
811,2020-01,region_169,brand_3_market,455021.19
812,2020-01,region_170,brand_3,91740.74
813,2020-01,region_170,brand_12_market,367099.87
814,2020-01,region_170,brand_3_market,717197.1
815,2020-01,region_171,brand_3,39979.22
816,2020-01,region_171,brand_12_market,232276.26
817,2020-01,region_171,brand_3_market,521643.4
818,2020-01,region_172,brand_3,60007.26
819,2020-01,region_172,brand_12_market,205785.87
820,2020-01,region_172,brand_3_market,436198.03
821,2020-01,region_173,brand_3,74124.65
822,2020-01,region_173,brand_12_market,483606.7
823,2020-01,region_173,brand_3_market,888887.22
824,2020-01,region_174,brand_3,48855.75
825,2020-01,region_174,brand_12_market,454557.09
826,2020-01,region_174,brand_3_market,795405.68
827,2020-01,region_175,brand_3,20062.72
828,2020-01,region_175,brand_12_market,331993.51
829,2020-01,region_175,brand_3_market,621826.95
830,2020-01,region_176,brand_3,35418.8
831,2020-01,region_176,brand_12_market,321383.88
832,2020-01,region_176,brand_3_market,675708.94
833,2020-01,region_177,brand_3,58742.85
834,2020-01,region_177,brand_12_market,372538.36
835,2020-01,region_177,brand_3_market,809869.47
836,2020-01,region_178,brand_3,30087.07
837,2020-01,region_178,brand_12_market,254081.13
838,2020-01,region_178,brand_3_market,435527.32
839,2020-01,region_179,brand_3,84514.79
840,2020-01,region_179,brand_12_market,570452.41
841,2020-01,region_179,brand_3_market,1091653.7
842,2020-01,region_180,brand_3,20379.19
843,2020-01,region_180,brand_12_market,138117.43
844,2020-01,region_180,brand_3_market,255248.21
845,2020-01,region_181,brand_3,24704.39
846,2020-01,region_181,brand_12_market,282832.13
847,2020-01,region_181,brand_3_market,537306.39
848,2020-01,region_182,brand_3,38323.63
849,2020-01,region_182,brand_12_market,319785.97
850,2020-01,region_182,brand_3_market,608393.61
851,2020-01,region_183,brand_3,29267.91
852,2020-01,region_183,brand_12_market,200974.59
853,2020-01,region_183,brand_3_market,372093.99
854,2020-01,region_184,brand_3,17987.08
855,2020-01,region_184,brand_12_market,241153.53
856,2020-01,region_184,brand_3_market,409258.85
857,2020-01,region_185,brand_3,40958.23
858,2020-01,region_185,brand_12_market,431518.32
859,2020-01,region_185,brand_3_market,770574.82
860,2020-01,region_186,brand_3,70592.53
861,2020-01,region_186,brand_12_market,292890.08
862,2020-01,region_186,brand_3_market,615956.13
863,2020-01,region_187,brand_3,38748.26
864,2020-01,region_187,brand_12_market,390003.39
865,2020-01,region_187,brand_3_market,694124.62
866,2020-01,region_188,brand_3,49647.62
867,2020-01,region_188,brand_12_market,306185.13
868,2020-01,region_188,brand_3_market,598982.78
869,2020-01,region_189,brand_3,121577.99
870,2020-01,region_189,brand_12_market,379335.13
871,2020-01,region_189,brand_3_market,857241.25
872,2020-01,region_190,brand_3,59959.74
873,2020-01,region_190,brand_12_market,305091.72
874,2020-01,region_190,brand_3_market,600883.38
875,2020-01,region_191,brand_3,104946.72
876,2020-01,region_191,brand_12_market,344686.15
877,2020-01,region_191,brand_3_market,751045.53
878,2020-01,region_192,brand_3,38339.95
879,2020-01,region_192,brand_12_market,220648.34
880,2020-01,region_192,brand_3_market,427888.01
881,2020-01,region_193,brand_3,17741.67
882,2020-01,region_193,brand_12_market,301819.16
883,2020-01,region_193,brand_3_market,472062.24
884,2020-01,region_194,brand_3,90158.21
885,2020-01,region_194,brand_12_market,410049.4
886,2020-01,region_194,brand_3_market,868249.79
887,2020-01,region_195,brand_3,17975.21
888,2020-01,region_195,brand_12_market,156267.16
889,2020-01,region_195,brand_3_market,272195.31
890,2020-01,region_196,brand_3,28808.79
891,2020-01,region_196,brand_12_market,268107.35
892,2020-01,region_196,brand_3_market,522790.48
893,2020-01,region_197,brand_3,50413.26
894,2020-01,region_197,brand_12_market,218091.2
895,2020-01,region_197,brand_3_market,478047.06
896,2020-01,region_198,brand_3,45818.8
897,2020-01,region_198,brand_12_market,286021.8
898,2020-01,region_198,brand_3_market,586160.43
899,2020-01,region_199,brand_3,55244.4
900,2020-01,region_199,brand_12_market,288717.96
901,2020-01,region_199,brand_3_market,571217.28
902,2020-01,region_200,brand_3,70277.34
903,2020-01,region_200,brand_12_market,317247.87
904,2020-01,region_200,brand_3_market,602671.56
1660,2020-02,region_151,brand_3,27730.08
1661,2020-02,region_151,brand_12_market,182081.4
1662,2020-02,region_151,brand_3_market,360225.93
1663,2020-02,region_152,brand_3,22972.83
1664,2020-02,region_152,brand_12_market,157781.48
1665,2020-02,region_152,brand_3_market,307200.44
1666,2020-02,region_153,brand_3,72780.25
1667,2020-02,region_153,brand_12_market,334680.0
1668,2020-02,region_153,brand_3_market,618276.98
1669,2020-02,region_154,brand_3,100863.3
1670,2020-02,region_154,brand_12_market,364722.63
1671,2020-02,region_154,brand_3_market,735686.35
1672,2020-02,region_155,brand_3,34232.08
1673,2020-02,region_155,brand_12_market,275417.58
1674,2020-02,region_155,brand_3_market,494837.29
1675,2020-02,region_156,brand_3,21420.24
1676,2020-02,region_156,brand_12_market,208939.18
1677,2020-02,region_156,brand_3_market,348175.89
1678,2020-02,region_157,brand_3,57165.94
1679,2020-02,region_157,brand_12_market,356239.66
1680,2020-02,region_157,brand_3_market,684692.86
1681,2020-02,region_158,brand_3,31062.31
1682,2020-02,region_158,brand_12_market,241864.14
1683,2020-02,region_158,brand_3_market,442232.06
1684,2020-02,region_159,brand_3,28776.41
1685,2020-02,region_159,brand_12_market,283257.34
1686,2020-02,region_159,brand_3_market,472580.97
1687,2020-02,region_160,brand_3,21005.7
1688,2020-02,region_160,brand_12_market,300932.02
1689,2020-02,region_160,brand_3_market,519583.63
1690,2020-02,region_161,brand_3,10670.79
1691,2020-02,region_161,brand_12_market,142552.15
1692,2020-02,region_161,brand_3_market,236293.36
1693,2020-02,region_162,brand_3,71835.36
1694,2020-02,region_162,brand_12_market,224525.09
1695,2020-02,region_162,brand_3_market,553696.68
1696,2020-02,region_163,brand_3,38489.56
1697,2020-02,region_163,brand_12_market,288723.88
1698,2020-02,region_163,brand_3_market,496994.47
1699,2020-02,region_164,brand_3,64936.89
1700,2020-02,region_164,brand_12_market,423653.3
1701,2020-02,region_164,brand_3_market,762133.25
1702,2020-02,region_165,brand_3,107859.47
1703,2020-02,region_165,brand_12_market,375474.81
1704,2020-02,region_165,brand_3_market,844480.85
1705,2020-02,region_166,brand_3,15872.11
1706,2020-02,region_166,brand_12_market,168338.73
1707,2020-02,region_166,brand_3_market,276609.17
1708,2020-02,region_167,brand_3,22103.24
1709,2020-02,region_167,brand_12_market,248180.51
1710,2020-02,region_167,brand_3_market,436526.1
1711,2020-02,region_168,brand_3,66431.18
1712,2020-02,region_168,brand_12_market,340659.68
1713,2020-02,region_168,brand_3_market,577142.2
1714,2020-02,region_169,brand_3,23288.2
1715,2020-02,region_169,brand_12_market,208194.12
1716,2020-02,region_169,brand_3_market,406282.39
1717,2020-02,region_170,brand_3,92245.13
1718,2020-02,region_170,brand_12_market,322480.71
1719,2020-02,region_170,brand_3_market,637598.42
1720,2020-02,region_171,brand_3,30522.54
1721,2020-02,region_171,brand_12_market,201301.71
1722,2020-02,region_171,brand_3_market,446092.42
1723,2020-02,region_172,brand_3,61080.41
1724,2020-02,region_172,brand_12_market,195378.7
1725,2020-02,region_172,brand_3_market,413957.56
1726,2020-02,region_173,brand_3,67709.64
1727,2020-02,region_173,brand_12_market,455132.81
1728,2020-02,region_173,brand_3_market,821267.69
1729,2020-02,region_174,brand_3,48255.11
1730,2020-02,region_174,brand_12_market,429036.85
1731,2020-02,region_174,brand_3_market,746928.19
1732,2020-02,region_175,brand_3,16929.82
1733,2020-02,region_175,brand_12_market,311030.41
1734,2020-02,region_175,brand_3_market,548090.52
1735,2020-02,region_176,brand_3,36186.57
1736,2020-02,region_176,brand_12_market,297537.09
1737,2020-02,region_176,brand_3_market,634831.04
1738,2020-02,region_177,brand_3,44323.1
1739,2020-02,region_177,brand_12_market,327283.38
1740,2020-02,region_177,brand_3_market,705365.09
1741,2020-02,region_178,brand_3,27039.38
1742,2020-02,region_178,brand_12_market,223961.96
1743,2020-02,region_178,brand_3_market,381906.58
1744,2020-02,region_179,brand_3,90511.04
1745,2020-02,region_179,brand_12_market,536359.72
1746,2020-02,region_179,brand_3_market,1043070.85
1747,2020-02,region_180,brand_3,19350.24
1748,2020-02,region_180,brand_12_market,130816.9
1749,2020-02,region_180,brand_3_market,229760.45
1750,2020-02,region_181,brand_3,26316.73
1751,2020-02,region_181,brand_12_market,269991.51
1752,2020-02,region_181,brand_3_market,486009.82
1753,2020-02,region_182,brand_3,37693.25
1754,2020-02,region_182,brand_12_market,315321.71
1755,2020-02,region_182,brand_3_market,588107.21
1756,2020-02,region_183,brand_3,28175.89
1757,2020-02,region_183,brand_12_market,179789.03
1758,2020-02,region_183,brand_3_market,326806.64
1759,2020-02,region_184,brand_3,15783.91
1760,2020-02,region_184,brand_12_market,241478.35
1761,2020-02,region_184,brand_3_market,396778.32
1762,2020-02,region_185,brand_3,41771.9
1763,2020-02,region_185,brand_12_market,406176.64
1764,2020-02,region_185,brand_3_market,736765.07
1765,2020-02,region_186,brand_3,60560.38
1766,2020-02,region_186,brand_12_market,255334.57
1767,2020-02,region_186,brand_3_market,540070.05
1768,2020-02,region_187,brand_3,34730.86
1769,2020-02,region_187,brand_12_market,361432.46
1770,2020-02,region_187,brand_3_market,640139.67
1771,2020-02,region_188,brand_3,40824.65
1772,2020-02,region_188,brand_12_market,251376.11
1773,2020-02,region_188,brand_3_market,488250.17
1774,2020-02,region_189,brand_3,114239.87
1775,2020-02,region_189,brand_12_market,348144.51
1776,2020-02,region_189,brand_3_market,772084.76
1777,2020-02,region_190,brand_3,49232.31
1778,2020-02,region_190,brand_12_market,277596.44
1779,2020-02,region_190,brand_3_market,541031.68
1780,2020-02,region_191,brand_3,90186.73
1781,2020-02,region_191,brand_12_market,294490.02
1782,2020-02,region_191,brand_3_market,643977.8
1783,2020-02,region_192,brand_3,35800.86
1784,2020-02,region_192,brand_12_market,207964.92
1785,2020-02,region_192,brand_3_market,393566.62
1786,2020-02,region_193,brand_3,14732.52
1787,2020-02,region_193,brand_12_market,294672.8
1788,2020-02,region_193,brand_3_market,436170.33
1789,2020-02,region_194,brand_3,75894.19
1790,2020-02,region_194,brand_12_market,381289.84
1791,2020-02,region_194,brand_3_market,785851.8
1792,2020-02,region_195,brand_3,21775.87
1793,2020-02,region_195,brand_12_market,143727.44
1794,2020-02,region_195,brand_3_market,244128.5
1795,2020-02,region_196,brand_3,22701.22
1796,2020-02,region_196,brand_12_market,248767.79
1797,2020-02,region_196,brand_3_market,472914.53
1798,2020-02,region_197,brand_3,40042.5
1799,2020-02,region_197,brand_12_market,188063.47
1800,2020-02,region_197,brand_3_market,406297.34
1801,2020-02,region_198,brand_3,44427.95
1802,2020-02,region_198,brand_12_market,248767.2
1803,2020-02,region_198,brand_3_market,503283.93
1804,2020-02,region_199,brand_3,46313.12
1805,2020-02,region_199,brand_12_market,279469.77
1806,2020-02,region_199,brand_3_market,526857.91
1807,2020-02,region_200,brand_3,65123.48
1808,2020-02,region_200,brand_12_market,269421.31
1809,2020-02,region_200,brand_3_market,513372.7
2565,2020-03,region_151,brand_3,47080.25
2566,2020-03,region_151,brand_12_market,279593.79
2567,2020-03,region_151,brand_3_market,541457.47
2568,2020-03,region_152,brand_3,34082.86
2569,2020-03,region_152,brand_12_market,244732.39
2570,2020-03,region_152,brand_3_market,449173.93
2571,2020-03,region_153,brand_3,94095.33
2572,2020-03,region_153,brand_12_market,493747.11
2573,2020-03,region_153,brand_3_market,858138.49
2574,2020-03,region_154,brand_3,117067.41
2575,2020-03,region_154,brand_12_market,495123.56
2576,2020-03,region_154,brand_3_market,958084.25
2577,2020-03,region_155,brand_3,43180.98
2578,2020-03,region_155,brand_12_market,396933.86
2579,2020-03,region_155,brand_3_market,693271.46
2580,2020-03,region_156,brand_3,29921.78
2581,2020-03,region_156,brand_12_market,318978.11
2582,2020-03,region_156,brand_3_market,515927.47
2583,2020-03,region_157,brand_3,77855.54
2584,2020-03,region_157,brand_12_market,528889.61
2585,2020-03,region_157,brand_3_market,969275.84
2586,2020-03,region_158,brand_3,44204.42
2587,2020-03,region_158,brand_12_market,374070.5
2588,2020-03,region_158,brand_3_market,653639.63
2589,2020-03,region_159,brand_3,42606.01
2590,2020-03,region_159,brand_12_market,421823.17
2591,2020-03,region_159,brand_3_market,670084.56
2592,2020-03,region_160,brand_3,22445.17
2593,2020-03,region_160,brand_12_market,391359.1
2594,2020-03,region_160,brand_3_market,641075.84
2595,2020-03,region_161,brand_3,15955.92
2596,2020-03,region_161,brand_12_market,215368.05
2597,2020-03,region_161,brand_3_market,334019.75
2598,2020-03,region_162,brand_3,89151.98
2599,2020-03,region_162,brand_12_market,337917.54
2600,2020-03,region_162,brand_3_market,745500.3
2601,2020-03,region_163,brand_3,47905.45
2602,2020-03,region_163,brand_12_market,398224.23
2603,2020-03,region_163,brand_3_market,647127.78
2604,2020-03,region_164,brand_3,82036.24
2605,2020-03,region_164,brand_12_market,671913.11
2606,2020-03,region_164,brand_3_market,1131805.09
2607,2020-03,region_165,brand_3,130693.2
2608,2020-03,region_165,brand_12_market,524229.28
2609,2020-03,region_165,brand_3_market,1081529.17
2610,2020-03,region_166,brand_3,22212.72
2611,2020-03,region_166,brand_12_market,272292.09
2612,2020-03,region_166,brand_3_market,430898.35
2613,2020-03,region_167,brand_3,29854.0
2614,2020-03,region_167,brand_12_market,395644.08
2615,2020-03,region_167,brand_3_market,645222.44
2616,2020-03,region_168,brand_3,84524.95
2617,2020-03,region_168,brand_12_market,488199.97
2618,2020-03,region_168,brand_3_market,786217.71
2619,2020-03,region_169,brand_3,35619.57
2620,2020-03,region_169,brand_12_market,338645.76
2621,2020-03,region_169,brand_3_market,616933.41
2622,2020-03,region_170,brand_3,116649.78
2623,2020-03,region_170,brand_12_market,476199.45
2624,2020-03,region_170,brand_3_market,881336.35
2625,2020-03,region_171,brand_3,43223.99
2626,2020-03,region_171,brand_12_market,333815.46
2627,2020-03,region_171,brand_3_market,679559.57
2628,2020-03,region_172,brand_3,76301.37
2629,2020-03,region_172,brand_12_market,284330.79
2630,2020-03,region_172,brand_3_market,555672.01
2631,2020-03,region_173,brand_3,82033.26
2632,2020-03,region_173,brand_12_market,657314.58
2633,2020-03,region_173,brand_3_market,1109429.64
2634,2020-03,region_174,brand_3,53315.23
2635,2020-03,region_174,brand_12_market,612821.92
2636,2020-03,region_174,brand_3_market,1005313.84
2637,2020-03,region_175,brand_3,22318.75
2638,2020-03,region_175,brand_12_market,442998.41
2639,2020-03,region_175,brand_3_market,743686.87
2640,2020-03,region_176,brand_3,43906.95
2641,2020-03,region_176,brand_12_market,423731.07
2642,2020-03,region_176,brand_3_market,832161.25
2643,2020-03,region_177,brand_3,67739.88
2644,2020-03,region_177,brand_12_market,531636.84
2645,2020-03,region_177,brand_3_market,1083859.15
2646,2020-03,region_178,brand_3,40573.58
2647,2020-03,region_178,brand_12_market,341718.11
2648,2020-03,region_178,brand_3_market,573445.98
2649,2020-03,region_179,brand_3,96892.76
2650,2020-03,region_179,brand_12_market,772490.48
2651,2020-03,region_179,brand_3_market,1361824.78
2652,2020-03,region_180,brand_3,24780.16
2653,2020-03,region_180,brand_12_market,220578.63
2654,2020-03,region_180,brand_3_market,360370.62
2655,2020-03,region_181,brand_3,34833.87
2656,2020-03,region_181,brand_12_market,456135.74
2657,2020-03,region_181,brand_3_market,771901.01
2658,2020-03,region_182,brand_3,42935.24
2659,2020-03,region_182,brand_12_market,452721.84
2660,2020-03,region_182,brand_3_market,802180.75
2661,2020-03,region_183,brand_3,39784.3
2662,2020-03,region_183,brand_12_market,299116.6
2663,2020-03,region_183,brand_3_market,508780.67
2664,2020-03,region_184,brand_3,15872.15
2665,2020-03,region_184,brand_12_market,330695.08
2666,2020-03,region_184,brand_3_market,527275.97
2667,2020-03,region_185,brand_3,49914.91
2668,2020-03,region_185,brand_12_market,602734.35
2669,2020-03,region_185,brand_3_market,1027423.67
2670,2020-03,region_186,brand_3,83901.86
2671,2020-03,region_186,brand_12_market,375292.83
2672,2020-03,region_186,brand_3_market,776335.0
2673,2020-03,region_187,brand_3,43393.61
2674,2020-03,region_187,brand_12_market,527792.63
2675,2020-03,region_187,brand_3_market,879448.09
2676,2020-03,region_188,brand_3,49933.97
2677,2020-03,region_188,brand_12_market,396404.8
2678,2020-03,region_188,brand_3_market,711666.36
2679,2020-03,region_189,brand_3,147049.88
2680,2020-03,region_189,brand_12_market,517612.91
2681,2020-03,region_189,brand_3_market,1070855.98
2682,2020-03,region_190,brand_3,54373.96
2683,2020-03,region_190,brand_12_market,402308.42
2684,2020-03,region_190,brand_3_market,725730.77
2685,2020-03,region_191,brand_3,117515.8
2686,2020-03,region_191,brand_12_market,460781.37
2687,2020-03,region_191,brand_3_market,919855.23
2688,2020-03,region_192,brand_3,39305.75
2689,2020-03,region_192,brand_12_market,326594.88
2690,2020-03,region_192,brand_3_market,563368.23
2691,2020-03,region_193,brand_3,19934.71
2692,2020-03,region_193,brand_12_market,438440.05
2693,2020-03,region_193,brand_3_market,645215.15
2694,2020-03,region_194,brand_3,91000.73
2695,2020-03,region_194,brand_12_market,543741.41
2696,2020-03,region_194,brand_3_market,1031532.04
2697,2020-03,region_195,brand_3,24700.08
2698,2020-03,region_195,brand_12_market,233578.65
2699,2020-03,region_195,brand_3_market,376822.9
2700,2020-03,region_196,brand_3,36965.8
2701,2020-03,region_196,brand_12_market,421222.05
2702,2020-03,region_196,brand_3_market,763051.67
2703,2020-03,region_197,brand_3,60003.58
2704,2020-03,region_197,brand_12_market,306422.44
2705,2020-03,region_197,brand_3_market,612051.89
2706,2020-03,region_198,brand_3,56592.03
2707,2020-03,region_198,brand_12_market,396290.27
2708,2020-03,region_198,brand_3_market,753200.14
2709,2020-03,region_199,brand_3,57272.06
2710,2020-03,region_199,brand_12_market,395119.09
2711,2020-03,region_199,brand_3_market,706995.73
2712,2020-03,region_200,brand_3,82764.2
2713,2020-03,region_200,brand_12_market,463843.41
2714,2020-03,region_200,brand_3_market,809148.51
3470,2020-04,region_151,brand_3,33424.79
3471,2020-04,region_151,brand_12_market,195161.08
3472,2020-04,region_151,brand_3_market,387497.37
3473,2020-04,region_152,brand_3,26937.71
3474,2020-04,region_152,brand_12_market,178589.08
3475,2020-04,region_152,brand_3_market,343986.1
3476,2020-04,region_153,brand_3,77023.34
3477,2020-04,region_153,brand_12_market,358983.23
3478,2020-04,region_153,brand_3_market,639345.15
3479,2020-04,region_154,brand_3,107814.78
3480,2020-04,region_154,brand_12_market,382270.24
3481,2020-04,region_154,brand_3_market,772212.25
3482,2020-04,region_155,brand_3,34602.59
3483,2020-04,region_155,brand_12_market,274836.01
3484,2020-04,region_155,brand_3_market,492663.79
3485,2020-04,region_156,brand_3,22255.57
3486,2020-04,region_156,brand_12_market,216137.92
3487,2020-04,region_156,brand_3_market,355643.9
3488,2020-04,region_157,brand_3,63430.14
3489,2020-04,region_157,brand_12_market,410256.89
3490,2020-04,region_157,brand_3_market,757432.45
3491,2020-04,region_158,brand_3,34192.33
3492,2020-04,region_158,brand_12_market,294434.8
3493,2020-04,region_158,brand_3_market,516463.24
3494,2020-04,region_159,brand_3,39704.97
3495,2020-04,region_159,brand_12_market,326967.49
3496,2020-04,region_159,brand_3_market,583298.98
3497,2020-04,region_160,brand_3,19850.51
3498,2020-04,region_160,brand_12_market,299157.34
3499,2020-04,region_160,brand_3_market,507066.51
3500,2020-04,region_161,brand_3,12827.14
3501,2020-04,region_161,brand_12_market,160979.27
3502,2020-04,region_161,brand_3_market,248843.7
3503,2020-04,region_162,brand_3,68340.45
3504,2020-04,region_162,brand_12_market,243501.68
3505,2020-04,region_162,brand_3_market,568333.35
3506,2020-04,region_163,brand_3,41547.52
3507,2020-04,region_163,brand_12_market,301098.81
3508,2020-04,region_163,brand_3_market,520831.12
3509,2020-04,region_164,brand_3,65772.38
3510,2020-04,region_164,brand_12_market,502475.37
3511,2020-04,region_164,brand_3_market,861805.12
3512,2020-04,region_165,brand_3,111778.62
3513,2020-04,region_165,brand_12_market,432763.32
3514,2020-04,region_165,brand_3_market,965081.61
3515,2020-04,region_166,brand_3,16659.47
3516,2020-04,region_166,brand_12_market,189127.19
3517,2020-04,region_166,brand_3_market,303756.32
3518,2020-04,region_167,brand_3,22461.85
3519,2020-04,region_167,brand_12_market,262362.14
3520,2020-04,region_167,brand_3_market,458819.46
3521,2020-04,region_168,brand_3,65061.09
3522,2020-04,region_168,brand_12_market,350587.95
3523,2020-04,region_168,brand_3_market,594030.38
3524,2020-04,region_169,brand_3,25673.17
3525,2020-04,region_169,brand_12_market,240706.58
3526,2020-04,region_169,brand_3_market,450285.49
3527,2020-04,region_170,brand_3,87146.58
3528,2020-04,region_170,brand_12_market,360552.02
3529,2020-04,region_170,brand_3_market,676652.86
3530,2020-04,region_171,brand_3,30191.24
3531,2020-04,region_171,brand_12_market,242891.47
3532,2020-04,region_171,brand_3_market,507517.71
3533,2020-04,region_172,brand_3,61900.87
3534,2020-04,region_172,brand_12_market,196963.93
3535,2020-04,region_172,brand_3_market,409477.93
3536,2020-04,region_173,brand_3,64775.3
3537,2020-04,region_173,brand_12_market,462629.17
3538,2020-04,region_173,brand_3_market,830833.68
3539,2020-04,region_174,brand_3,44594.56
3540,2020-04,region_174,brand_12_market,420546.2
3541,2020-04,region_174,brand_3_market,717601.17
3542,2020-04,region_175,brand_3,18172.22
3543,2020-04,region_175,brand_12_market,324132.07
3544,2020-04,region_175,brand_3_market,574174.96
3545,2020-04,region_176,brand_3,33567.17
3546,2020-04,region_176,brand_12_market,293701.46
3547,2020-04,region_176,brand_3_market,613459.86
3548,2020-04,region_177,brand_3,45381.22
3549,2020-04,region_177,brand_12_market,364437.72
3550,2020-04,region_177,brand_3_market,742710.53
3551,2020-04,region_178,brand_3,23809.86
3552,2020-04,region_178,brand_12_market,247930.44
3553,2020-04,region_178,brand_3_market,408326.24
3554,2020-04,region_179,brand_3,81750.22
3555,2020-04,region_179,brand_12_market,565172.59
3556,2020-04,region_179,brand_3_market,1068387.88
3557,2020-04,region_180,brand_3,18172.45
3558,2020-04,region_180,brand_12_market,166705.49
3559,2020-04,region_180,brand_3_market,276694.56
3560,2020-04,region_181,brand_3,26542.93
3561,2020-04,region_181,brand_12_market,296295.72
3562,2020-04,region_181,brand_3_market,515361.62
3563,2020-04,region_182,brand_3,35434.81
3564,2020-04,region_182,brand_12_market,330222.0
3565,2020-04,region_182,brand_3_market,613620.17
3566,2020-04,region_183,brand_3,26791.57
3567,2020-04,region_183,brand_12_market,195100.79
3568,2020-04,region_183,brand_3_market,348852.18
3569,2020-04,region_184,brand_3,14360.35
3570,2020-04,region_184,brand_12_market,243347.83
3571,2020-04,region_184,brand_3_market,401038.36
3572,2020-04,region_185,brand_3,34773.24
3573,2020-04,region_185,brand_12_market,394633.88
3574,2020-04,region_185,brand_3_market,693838.72
3575,2020-04,region_186,brand_3,60962.23
3576,2020-04,region_186,brand_12_market,255751.98
3577,2020-04,region_186,brand_3_market,543243.43
3578,2020-04,region_187,brand_3,30894.83
3579,2020-04,region_187,brand_12_market,368287.71
3580,2020-04,region_187,brand_3_market,641298.22
3581,2020-04,region_188,brand_3,48177.47
3582,2020-04,region_188,brand_12_market,290034.66
3583,2020-04,region_188,brand_3_market,566421.16
3584,2020-04,region_189,brand_3,112704.05
3585,2020-04,region_189,brand_12_market,370602.83
3586,2020-04,region_189,brand_3_market,815214.59
3587,2020-04,region_190,brand_3,49277.49
3588,2020-04,region_190,brand_12_market,290240.24
3589,2020-04,region_190,brand_3_market,550098.0
3590,2020-04,region_191,brand_3,92109.09
3591,2020-04,region_191,brand_12_market,337076.93
3592,2020-04,region_191,brand_3_market,699618.63
3593,2020-04,region_192,brand_3,36283.3
3594,2020-04,region_192,brand_12_market,229263.6
3595,2020-04,region_192,brand_3_market,422405.19
3596,2020-04,region_193,brand_3,13718.08
3597,2020-04,region_193,brand_12_market,332866.33
3598,2020-04,region_193,brand_3_market,480509.32
3599,2020-04,region_194,brand_3,72998.72
3600,2020-04,region_194,brand_12_market,386256.8
3601,2020-04,region_194,brand_3_market,809627.33
3602,2020-04,region_195,brand_3,17261.37
3603,2020-04,region_195,brand_12_market,156925.22
3604,2020-04,region_195,brand_3_market,264627.57
3605,2020-04,region_196,brand_3,24801.89
3606,2020-04,region_196,brand_12_market,284649.23
3607,2020-04,region_196,brand_3_market,529863.25
3608,2020-04,region_197,brand_3,42870.93
3609,2020-04,region_197,brand_12_market,193200.45
3610,2020-04,region_197,brand_3_market,412921.1
3611,2020-04,region_198,brand_3,39351.36
3612,2020-04,region_198,brand_12_market,275061.38
3613,2020-04,region_198,brand_3_market,536591.5
3614,2020-04,region_199,brand_3,46544.05
3615,2020-04,region_199,brand_12_market,278660.85
3616,2020-04,region_199,brand_3_market,532495.99
3617,2020-04,region_200,brand_3,64321.7
3618,2020-04,region_200,brand_12_market,306035.82
3619,2020-04,region_200,brand_3_market,574865.3
4375,2020-05,region_151,brand_3,30857.61
4376,2020-05,region_151,brand_12_market,179104.87
4377,2020-05,region_151,brand_3_market,367482.01
4378,2020-05,region_152,brand_3,25381.72
4379,2020-05,region_152,brand_12_market,160820.41
4380,2020-05,region_152,brand_3_market,322803.69
4381,2020-05,region_153,brand_3,71138.58
4382,2020-05,region_153,brand_12_market,292525.92
4383,2020-05,region_153,brand_3_market,553892.31
4384,2020-05,region_154,brand_3,96398.13
4385,2020-05,region_154,brand_12_market,350892.42
4386,2020-05,region_154,brand_3_market,704695.72
4387,2020-05,region_155,brand_3,34372.13
4388,2020-05,region_155,brand_12_market,271791.23
4389,2020-05,region_155,brand_3_market,482920.4
4390,2020-05,region_156,brand_3,19146.97
4391,2020-05,region_156,brand_12_market,195326.89
4392,2020-05,region_156,brand_3_market,335129.42
4393,2020-05,region_157,brand_3,61958.25
4394,2020-05,region_157,brand_12_market,359344.07
4395,2020-05,region_157,brand_3_market,703344.93
4396,2020-05,region_158,brand_3,36861.57
4397,2020-05,region_158,brand_12_market,254428.73
4398,2020-05,region_158,brand_3_market,471654.36
4399,2020-05,region_159,brand_3,36327.65
4400,2020-05,region_159,brand_12_market,313480.03
4401,2020-05,region_159,brand_3_market,530222.48
4402,2020-05,region_160,brand_3,19456.76
4403,2020-05,region_160,brand_12_market,274972.5
4404,2020-05,region_160,brand_3_market,482527.78
4405,2020-05,region_161,brand_3,10505.94
4406,2020-05,region_161,brand_12_market,130959.52
4407,2020-05,region_161,brand_3_market,223649.71
4408,2020-05,region_162,brand_3,67688.71
4409,2020-05,region_162,brand_12_market,210562.81
4410,2020-05,region_162,brand_3_market,533208.16
4411,2020-05,region_163,brand_3,31309.37
4412,2020-05,region_163,brand_12_market,297320.02
4413,2020-05,region_163,brand_3_market,498084.24
4414,2020-05,region_164,brand_3,68629.69
4415,2020-05,region_164,brand_12_market,426347.66
4416,2020-05,region_164,brand_3_market,772940.73
4417,2020-05,region_165,brand_3,111917.46
4418,2020-05,region_165,brand_12_market,416270.94
4419,2020-05,region_165,brand_3_market,915047.1
4420,2020-05,region_166,brand_3,14919.58
4421,2020-05,region_166,brand_12_market,158507.64
4422,2020-05,region_166,brand_3_market,270624.16
4423,2020-05,region_167,brand_3,23040.22
4424,2020-05,region_167,brand_12_market,231373.5
4425,2020-05,region_167,brand_3_market,418949.41
4426,2020-05,region_168,brand_3,66961.65
4427,2020-05,region_168,brand_12_market,318622.63
4428,2020-05,region_168,brand_3_market,548273.2
4429,2020-05,region_169,brand_3,25319.45
4430,2020-05,region_169,brand_12_market,212993.84
4431,2020-05,region_169,brand_3_market,415376.89
4432,2020-05,region_170,brand_3,94273.11
4433,2020-05,region_170,brand_12_market,313454.27
4434,2020-05,region_170,brand_3_market,627266.71
4435,2020-05,region_171,brand_3,32988.07
4436,2020-05,region_171,brand_12_market,194666.48
4437,2020-05,region_171,brand_3_market,444613.82
4438,2020-05,region_172,brand_3,60429.7
4439,2020-05,region_172,brand_12_market,185342.38
4440,2020-05,region_172,brand_3_market,394339.98
4441,2020-05,region_173,brand_3,73540.36
4442,2020-05,region_173,brand_12_market,433010.61
4443,2020-05,region_173,brand_3_market,806462.44
4444,2020-05,region_174,brand_3,45437.45
4445,2020-05,region_174,brand_12_market,404420.97
4446,2020-05,region_174,brand_3_market,702214.42
4447,2020-05,region_175,brand_3,16660.52
4448,2020-05,region_175,brand_12_market,277075.42
4449,2020-05,region_175,brand_3_market,504486.68
4450,2020-05,region_176,brand_3,33295.36
4451,2020-05,region_176,brand_12_market,269237.82
4452,2020-05,region_176,brand_3_market,579107.93
4453,2020-05,region_177,brand_3,45774.34
4454,2020-05,region_177,brand_12_market,333721.79
4455,2020-05,region_177,brand_3_market,724081.02
4456,2020-05,region_178,brand_3,26880.0
4457,2020-05,region_178,brand_12_market,232348.17
4458,2020-05,region_178,brand_3_market,393738.87
4459,2020-05,region_179,brand_3,82202.95
4460,2020-05,region_179,brand_12_market,532017.24
4461,2020-05,region_179,brand_3_market,1023072.66
4462,2020-05,region_180,brand_3,16306.12
4463,2020-05,region_180,brand_12_market,129935.73
4464,2020-05,region_180,brand_3_market,230528.32
4465,2020-05,region_181,brand_3,23995.88
4466,2020-05,region_181,brand_12_market,269109.48
4467,2020-05,region_181,brand_3_market,494435.12
4468,2020-05,region_182,brand_3,37425.77
4469,2020-05,region_182,brand_12_market,310307.45
4470,2020-05,region_182,brand_3_market,585307.64
4471,2020-05,region_183,brand_3,27186.21
4472,2020-05,region_183,brand_12_market,167978.44
4473,2020-05,region_183,brand_3_market,309415.6
4474,2020-05,region_184,brand_3,15437.51
4475,2020-05,region_184,brand_12_market,204580.8
4476,2020-05,region_184,brand_3_market,346481.74
4477,2020-05,region_185,brand_3,37689.52
4478,2020-05,region_185,brand_12_market,387920.95
4479,2020-05,region_185,brand_3_market,695361.08
4480,2020-05,region_186,brand_3,77360.66
4481,2020-05,region_186,brand_12_market,251410.56
4482,2020-05,region_186,brand_3_market,554249.36
4483,2020-05,region_187,brand_3,32884.15
4484,2020-05,region_187,brand_12_market,344221.06
4485,2020-05,region_187,brand_3_market,621301.93
4486,2020-05,region_188,brand_3,45541.54
4487,2020-05,region_188,brand_12_market,274834.16
4488,2020-05,region_188,brand_3_market,538588.08
4489,2020-05,region_189,brand_3,112066.12
4490,2020-05,region_189,brand_12_market,326678.95
4491,2020-05,region_189,brand_3_market,756799.43
4492,2020-05,region_190,brand_3,48962.21
4493,2020-05,region_190,brand_12_market,257888.09
4494,2020-05,region_190,brand_3_market,509403.36
4495,2020-05,region_191,brand_3,91154.97
4496,2020-05,region_191,brand_12_market,328701.24
4497,2020-05,region_191,brand_3_market,685059.55
4498,2020-05,region_192,brand_3,35059.41
4499,2020-05,region_192,brand_12_market,191337.38
4500,2020-05,region_192,brand_3_market,369531.69
4501,2020-05,region_193,brand_3,15686.75
4502,2020-05,region_193,brand_12_market,272050.28
4503,2020-05,region_193,brand_3_market,415890.74
4504,2020-05,region_194,brand_3,72765.53
4505,2020-05,region_194,brand_12_market,377951.05
4506,2020-05,region_194,brand_3_market,786166.12
4507,2020-05,region_195,brand_3,16595.22
4508,2020-05,region_195,brand_12_market,130974.28
4509,2020-05,region_195,brand_3_market,223651.59
4510,2020-05,region_196,brand_3,21673.01
4511,2020-05,region_196,brand_12_market,251061.71
4512,2020-05,region_196,brand_3_market,479318.22
4513,2020-05,region_197,brand_3,42275.14
4514,2020-05,region_197,brand_12_market,180078.4
4515,2020-05,region_197,brand_3_market,395850.07
4516,2020-05,region_198,brand_3,43349.38
4517,2020-05,region_198,brand_12_market,240710.78
4518,2020-05,region_198,brand_3_market,498240.66
4519,2020-05,region_199,brand_3,47260.85
4520,2020-05,region_199,brand_12_market,266357.36
4521,2020-05,region_199,brand_3_market,510241.58
4522,2020-05,region_200,brand_3,65011.4
4523,2020-05,region_200,brand_12_market,290208.15
4524,2020-05,region_200,brand_3_market,551808.35
5280,2020-06,region_151,brand_3,33424.39
5281,2020-06,region_151,brand_12_market,188023.23
5282,2020-06,region_151,brand_3_market,379194.47
5283,2020-06,region_152,brand_3,28241.08
5284,2020-06,region_152,brand_12_market,175940.86
5285,2020-06,region_152,brand_3_market,339241.34
5286,2020-06,region_153,brand_3,75396.85
5287,2020-06,region_153,brand_12_market,310952.46
5288,2020-06,region_153,brand_3_market,587285.53
5289,2020-06,region_154,brand_3,97203.3
5290,2020-06,region_154,brand_12_market,353066.3
5291,2020-06,region_154,brand_3_market,732022.42
5292,2020-06,region_155,brand_3,33132.65
5293,2020-06,region_155,brand_12_market,275181.86
5294,2020-06,region_155,brand_3_market,507184.66
5295,2020-06,region_156,brand_3,19333.35
5296,2020-06,region_156,brand_12_market,204803.33
5297,2020-06,region_156,brand_3_market,343403.45
5298,2020-06,region_157,brand_3,63137.44
5299,2020-06,region_157,brand_12_market,368475.39
5300,2020-06,region_157,brand_3_market,712275.18
5301,2020-06,region_158,brand_3,34874.31
5302,2020-06,region_158,brand_12_market,245349.05
5303,2020-06,region_158,brand_3_market,458892.17
5304,2020-06,region_159,brand_3,32674.03
5305,2020-06,region_159,brand_12_market,307851.18
5306,2020-06,region_159,brand_3_market,508667.31
5307,2020-06,region_160,brand_3,20451.9
5308,2020-06,region_160,brand_12_market,301085.17
5309,2020-06,region_160,brand_3_market,518642.64
5310,2020-06,region_161,brand_3,8205.89
5311,2020-06,region_161,brand_12_market,113582.12
5312,2020-06,region_161,brand_3_market,193655.43
5313,2020-06,region_162,brand_3,71764.95
5314,2020-06,region_162,brand_12_market,228120.94
5315,2020-06,region_162,brand_3_market,558621.49
5316,2020-06,region_163,brand_3,39660.65
5317,2020-06,region_163,brand_12_market,312703.15
5318,2020-06,region_163,brand_3_market,519022.34
5319,2020-06,region_164,brand_3,69248.85
5320,2020-06,region_164,brand_12_market,438812.45
5321,2020-06,region_164,brand_3_market,796858.03
5322,2020-06,region_165,brand_3,109742.4
5323,2020-06,region_165,brand_12_market,441285.16
5324,2020-06,region_165,brand_3_market,940179.58
5325,2020-06,region_166,brand_3,15044.11
5326,2020-06,region_166,brand_12_market,162920.86
5327,2020-06,region_166,brand_3_market,270170.17
5328,2020-06,region_167,brand_3,25383.89
5329,2020-06,region_167,brand_12_market,225970.36
5330,2020-06,region_167,brand_3_market,410665.04
5331,2020-06,region_168,brand_3,68766.84
5332,2020-06,region_168,brand_12_market,330721.75
5333,2020-06,region_168,brand_3_market,565820.34
5334,2020-06,region_169,brand_3,26626.44
5335,2020-06,region_169,brand_12_market,214090.79
5336,2020-06,region_169,brand_3_market,429392.76
5337,2020-06,region_170,brand_3,96138.17
5338,2020-06,region_170,brand_12_market,381895.93
5339,2020-06,region_170,brand_3_market,745158.83
5340,2020-06,region_171,brand_3,28761.07
5341,2020-06,region_171,brand_12_market,216927.13
5342,2020-06,region_171,brand_3_market,477042.86
5343,2020-06,region_172,brand_3,54847.02
5344,2020-06,region_172,brand_12_market,197440.33
5345,2020-06,region_172,brand_3_market,416327.27
5346,2020-06,region_173,brand_3,68565.07
5347,2020-06,region_173,brand_12_market,457736.0
5348,2020-06,region_173,brand_3_market,830891.49
5349,2020-06,region_174,brand_3,46806.93
5350,2020-06,region_174,brand_12_market,447228.97
5351,2020-06,region_174,brand_3_market,773700.21
5352,2020-06,region_175,brand_3,20141.47
5353,2020-06,region_175,brand_12_market,292185.25
5354,2020-06,region_175,brand_3_market,533144.63
5355,2020-06,region_176,brand_3,34726.98
5356,2020-06,region_176,brand_12_market,312257.07
5357,2020-06,region_176,brand_3_market,655432.76
5358,2020-06,region_177,brand_3,53585.72
5359,2020-06,region_177,brand_12_market,339291.0
5360,2020-06,region_177,brand_3_market,759206.08
5361,2020-06,region_178,brand_3,31289.85
5362,2020-06,region_178,brand_12_market,237533.54
5363,2020-06,region_178,brand_3_market,407489.25
5364,2020-06,region_179,brand_3,83734.05
5365,2020-06,region_179,brand_12_market,569173.42
5366,2020-06,region_179,brand_3_market,1073131.76
5367,2020-06,region_180,brand_3,16328.42
5368,2020-06,region_180,brand_12_market,121928.72
5369,2020-06,region_180,brand_3_market,222089.89
5370,2020-06,region_181,brand_3,30875.09
5371,2020-06,region_181,brand_12_market,281790.79
5372,2020-06,region_181,brand_3_market,522737.32
5373,2020-06,region_182,brand_3,39908.74
5374,2020-06,region_182,brand_12_market,336809.66
5375,2020-06,region_182,brand_3_market,652410.27
5376,2020-06,region_183,brand_3,31640.52
5377,2020-06,region_183,brand_12_market,185754.6
5378,2020-06,region_183,brand_3_market,349827.14
5379,2020-06,region_184,brand_3,14670.99
5380,2020-06,region_184,brand_12_market,211493.27
5381,2020-06,region_184,brand_3_market,361371.27
5382,2020-06,region_185,brand_3,48653.28
5383,2020-06,region_185,brand_12_market,413710.77
5384,2020-06,region_185,brand_3_market,764179.92
5385,2020-06,region_186,brand_3,68542.07
5386,2020-06,region_186,brand_12_market,261557.97
5387,2020-06,region_186,brand_3_market,573937.8
5388,2020-06,region_187,brand_3,33690.07
5389,2020-06,region_187,brand_12_market,358307.9
5390,2020-06,region_187,brand_3_market,650776.41
5391,2020-06,region_188,brand_3,43616.05
5392,2020-06,region_188,brand_12_market,295793.68
5393,2020-06,region_188,brand_3_market,558203.15
5394,2020-06,region_189,brand_3,124005.03
5395,2020-06,region_189,brand_12_market,414161.77
5396,2020-06,region_189,brand_3_market,898225.7
5397,2020-06,region_190,brand_3,47701.37
5398,2020-06,region_190,brand_12_market,249854.19
5399,2020-06,region_190,brand_3_market,497247.34
5400,2020-06,region_191,brand_3,108416.61
5401,2020-06,region_191,brand_12_market,343502.87
5402,2020-06,region_191,brand_3_market,737105.75
5403,2020-06,region_192,brand_3,34479.57
5404,2020-06,region_192,brand_12_market,192396.0
5405,2020-06,region_192,brand_3_market,370255.22
5406,2020-06,region_193,brand_3,14235.9
5407,2020-06,region_193,brand_12_market,280774.9
5408,2020-06,region_193,brand_3_market,425503.99
5409,2020-06,region_194,brand_3,77885.06
5410,2020-06,region_194,brand_12_market,414432.25
5411,2020-06,region_194,brand_3_market,828364.48
5412,2020-06,region_195,brand_3,18835.08
5413,2020-06,region_195,brand_12_market,128680.71
5414,2020-06,region_195,brand_3_market,229808.04
5415,2020-06,region_196,brand_3,27909.98
5416,2020-06,region_196,brand_12_market,250587.76
5417,2020-06,region_196,brand_3_market,489839.05
5418,2020-06,region_197,brand_3,41523.35
5419,2020-06,region_197,brand_12_market,187559.81
5420,2020-06,region_197,brand_3_market,414669.51
5421,2020-06,region_198,brand_3,40882.79
5422,2020-06,region_198,brand_12_market,258974.57
5423,2020-06,region_198,brand_3_market,525663.07
5424,2020-06,region_199,brand_3,44238.4
5425,2020-06,region_199,brand_12_market,289842.69
5426,2020-06,region_199,brand_3_market,550226.1
5427,2020-06,region_200,brand_3,73001.14
5428,2020-06,region_200,brand_12_market,312251.67
5429,2020-06,region_200,brand_3_market,580749.88
6185,2020-07,region_151,brand_3,35226.89
6186,2020-07,region_151,brand_12_market,212777.53
6187,2020-07,region_151,brand_3_market,431312.9
6188,2020-07,region_152,brand_3,32473.82
6189,2020-07,region_152,brand_12_market,186175.12
6190,2020-07,region_152,brand_3_market,361607.68
6191,2020-07,region_153,brand_3,81208.24
6192,2020-07,region_153,brand_12_market,373127.64
6193,2020-07,region_153,brand_3_market,683967.06
6194,2020-07,region_154,brand_3,109035.68
6195,2020-07,region_154,brand_12_market,355370.27
6196,2020-07,region_154,brand_3_market,738586.54
6197,2020-07,region_155,brand_3,34062.67
6198,2020-07,region_155,brand_12_market,281877.95
6199,2020-07,region_155,brand_3_market,519229.22
6200,2020-07,region_156,brand_3,24451.15
6201,2020-07,region_156,brand_12_market,214249.69
6202,2020-07,region_156,brand_3_market,372667.35
6203,2020-07,region_157,brand_3,56094.83
6204,2020-07,region_157,brand_12_market,374417.08
6205,2020-07,region_157,brand_3_market,724873.0
6206,2020-07,region_158,brand_3,35810.66
6207,2020-07,region_158,brand_12_market,269197.29
6208,2020-07,region_158,brand_3_market,501581.4
6209,2020-07,region_159,brand_3,40673.98
6210,2020-07,region_159,brand_12_market,347561.22
6211,2020-07,region_159,brand_3_market,602877.39
6212,2020-07,region_160,brand_3,19059.32
6213,2020-07,region_160,brand_12_market,305739.28
6214,2020-07,region_160,brand_3_market,540454.23
6215,2020-07,region_161,brand_3,14484.14
6216,2020-07,region_161,brand_12_market,151997.56
6217,2020-07,region_161,brand_3_market,259621.08
6218,2020-07,region_162,brand_3,69301.85
6219,2020-07,region_162,brand_12_market,215278.96
6220,2020-07,region_162,brand_3_market,552134.26
6221,2020-07,region_163,brand_3,45624.43
6222,2020-07,region_163,brand_12_market,355219.96
6223,2020-07,region_163,brand_3_market,611721.59
6224,2020-07,region_164,brand_3,78906.22
6225,2020-07,region_164,brand_12_market,461404.82
6226,2020-07,region_164,brand_3_market,863514.57
6227,2020-07,region_165,brand_3,113720.23
6228,2020-07,region_165,brand_12_market,400142.3
6229,2020-07,region_165,brand_3_market,914709.67
6230,2020-07,region_166,brand_3,20120.64
6231,2020-07,region_166,brand_12_market,190859.75
6232,2020-07,region_166,brand_3_market,319407.45
6233,2020-07,region_167,brand_3,29942.48
6234,2020-07,region_167,brand_12_market,267383.18
6235,2020-07,region_167,brand_3_market,497421.63
6236,2020-07,region_168,brand_3,64537.59
6237,2020-07,region_168,brand_12_market,314371.37
6238,2020-07,region_168,brand_3_market,551448.33
6239,2020-07,region_169,brand_3,25590.02
6240,2020-07,region_169,brand_12_market,223257.11
6241,2020-07,region_169,brand_3_market,440398.07
6242,2020-07,region_170,brand_3,109412.17
6243,2020-07,region_170,brand_12_market,420445.19
6244,2020-07,region_170,brand_3_market,816760.23
6245,2020-07,region_171,brand_3,40384.21
6246,2020-07,region_171,brand_12_market,222781.49
6247,2020-07,region_171,brand_3_market,513843.26
6248,2020-07,region_172,brand_3,67320.5
6249,2020-07,region_172,brand_12_market,207763.06
6250,2020-07,region_172,brand_3_market,449413.93
6251,2020-07,region_173,brand_3,74508.91
6252,2020-07,region_173,brand_12_market,448769.58
6253,2020-07,region_173,brand_3_market,830125.15
6254,2020-07,region_174,brand_3,45726.64
6255,2020-07,region_174,brand_12_market,425796.2
6256,2020-07,region_174,brand_3_market,752811.59
6257,2020-07,region_175,brand_3,19892.75
6258,2020-07,region_175,brand_12_market,328600.73
6259,2020-07,region_175,brand_3_market,602418.47
6260,2020-07,region_176,brand_3,33171.14
6261,2020-07,region_176,brand_12_market,290099.91
6262,2020-07,region_176,brand_3_market,626297.47
6263,2020-07,region_177,brand_3,46226.7
6264,2020-07,region_177,brand_12_market,349246.31
6265,2020-07,region_177,brand_3_market,760568.87
6266,2020-07,region_178,brand_3,31996.38
6267,2020-07,region_178,brand_12_market,269588.56
6268,2020-07,region_178,brand_3_market,458609.63
6269,2020-07,region_179,brand_3,83731.99
6270,2020-07,region_179,brand_12_market,534773.06
6271,2020-07,region_179,brand_3_market,1035535.9
6272,2020-07,region_180,brand_3,21095.14
6273,2020-07,region_180,brand_12_market,144590.0
6274,2020-07,region_180,brand_3_market,272416.62
6275,2020-07,region_181,brand_3,25528.54
6276,2020-07,region_181,brand_12_market,281485.35
6277,2020-07,region_181,brand_3_market,512613.12
6278,2020-07,region_182,brand_3,35785.77
6279,2020-07,region_182,brand_12_market,321435.65
6280,2020-07,region_182,brand_3_market,613410.81
6281,2020-07,region_183,brand_3,29482.35
6282,2020-07,region_183,brand_12_market,167763.02
6283,2020-07,region_183,brand_3_market,327599.7
6284,2020-07,region_184,brand_3,16658.83
6285,2020-07,region_184,brand_12_market,234720.7
6286,2020-07,region_184,brand_3_market,405698.94
6287,2020-07,region_185,brand_3,43764.53
6288,2020-07,region_185,brand_12_market,424922.73
6289,2020-07,region_185,brand_3_market,776800.76
6290,2020-07,region_186,brand_3,80939.79
6291,2020-07,region_186,brand_12_market,282310.93
6292,2020-07,region_186,brand_3_market,621016.15
6293,2020-07,region_187,brand_3,32838.24
6294,2020-07,region_187,brand_12_market,358908.77
6295,2020-07,region_187,brand_3_market,644924.57
6296,2020-07,region_188,brand_3,48233.31
6297,2020-07,region_188,brand_12_market,303269.31
6298,2020-07,region_188,brand_3_market,593244.65
6299,2020-07,region_189,brand_3,132530.76
6300,2020-07,region_189,brand_12_market,416938.39
6301,2020-07,region_189,brand_3_market,918994.44
6302,2020-07,region_190,brand_3,52926.54
6303,2020-07,region_190,brand_12_market,272737.97
6304,2020-07,region_190,brand_3_market,546049.71
6305,2020-07,region_191,brand_3,84733.26
6306,2020-07,region_191,brand_12_market,308306.64
6307,2020-07,region_191,brand_3_market,654747.56
6308,2020-07,region_192,brand_3,43223.04
6309,2020-07,region_192,brand_12_market,234047.1
6310,2020-07,region_192,brand_3_market,462840.46
6311,2020-07,region_193,brand_3,20867.19
6312,2020-07,region_193,brand_12_market,320960.48
6313,2020-07,region_193,brand_3_market,495044.53
6314,2020-07,region_194,brand_3,86381.92
6315,2020-07,region_194,brand_12_market,444736.78
6316,2020-07,region_194,brand_3_market,928893.47
6317,2020-07,region_195,brand_3,18668.17
6318,2020-07,region_195,brand_12_market,153871.22
6319,2020-07,region_195,brand_3_market,268911.29
6320,2020-07,region_196,brand_3,27805.91
6321,2020-07,region_196,brand_12_market,285376.17
6322,2020-07,region_196,brand_3_market,544334.72
6323,2020-07,region_197,brand_3,52614.88
6324,2020-07,region_197,brand_12_market,214735.12
6325,2020-07,region_197,brand_3_market,473197.82
6326,2020-07,region_198,brand_3,45567.99
6327,2020-07,region_198,brand_12_market,270775.66
6328,2020-07,region_198,brand_3_market,567012.09
6329,2020-07,region_199,brand_3,52650.67
6330,2020-07,region_199,brand_12_market,308267.87
6331,2020-07,region_199,brand_3_market,598932.87
6332,2020-07,region_200,brand_3,65456.48
6333,2020-07,region_200,brand_12_market,301746.46
6334,2020-07,region_200,brand_3_market,591053.2
7090,2020-08,region_151,brand_3,30771.49
7091,2020-08,region_151,brand_12_market,166766.21
7092,2020-08,region_151,brand_3_market,353965.8
7093,2020-08,region_152,brand_3,23866.09
7094,2020-08,region_152,brand_12_market,148934.66
7095,2020-08,region_152,brand_3_market,296053.14
7096,2020-08,region_153,brand_3,70493.05
7097,2020-08,region_153,brand_12_market,273359.5
7098,2020-08,region_153,brand_3_market,528376.49
7099,2020-08,region_154,brand_3,131332.79
7100,2020-08,region_154,brand_12_market,362469.73
7101,2020-08,region_154,brand_3_market,754442.23
7102,2020-08,region_155,brand_3,33706.07
7103,2020-08,region_155,brand_12_market,262511.5
7104,2020-08,region_155,brand_3_market,471449.66
7105,2020-08,region_156,brand_3,21695.41
7106,2020-08,region_156,brand_12_market,192705.35
7107,2020-08,region_156,brand_3_market,330493.78
7108,2020-08,region_157,brand_3,62972.2
7109,2020-08,region_157,brand_12_market,370640.17
7110,2020-08,region_157,brand_3_market,730177.96
7111,2020-08,region_158,brand_3,32842.52
7112,2020-08,region_158,brand_12_market,245878.38
7113,2020-08,region_158,brand_3_market,449828.25
7114,2020-08,region_159,brand_3,36007.6
7115,2020-08,region_159,brand_12_market,278805.27
7116,2020-08,region_159,brand_3_market,479037.52
7117,2020-08,region_160,brand_3,19207.68
7118,2020-08,region_160,brand_12_market,275529.9
7119,2020-08,region_160,brand_3_market,484669.25
7120,2020-08,region_161,brand_3,9884.27
7121,2020-08,region_161,brand_12_market,107253.36
7122,2020-08,region_161,brand_3_market,181027.38
7123,2020-08,region_162,brand_3,69885.27
7124,2020-08,region_162,brand_12_market,225211.49
7125,2020-08,region_162,brand_3_market,550418.96
7126,2020-08,region_163,brand_3,36259.04
7127,2020-08,region_163,brand_12_market,259243.61
7128,2020-08,region_163,brand_3_market,452675.97
7129,2020-08,region_164,brand_3,65189.09
7130,2020-08,region_164,brand_12_market,424038.13
7131,2020-08,region_164,brand_3_market,783632.71
7132,2020-08,region_165,brand_3,119563.73
7133,2020-08,region_165,brand_12_market,432644.15
7134,2020-08,region_165,brand_3_market,954813.76
7135,2020-08,region_166,brand_3,17032.98
7136,2020-08,region_166,brand_12_market,145379.59
7137,2020-08,region_166,brand_3_market,252575.58
7138,2020-08,region_167,brand_3,22233.39
7139,2020-08,region_167,brand_12_market,193641.08
7140,2020-08,region_167,brand_3_market,359000.15
7141,2020-08,region_168,brand_3,64448.71
7142,2020-08,region_168,brand_12_market,333274.38
7143,2020-08,region_168,brand_3_market,567636.77
7144,2020-08,region_169,brand_3,28594.12
7145,2020-08,region_169,brand_12_market,206569.7
7146,2020-08,region_169,brand_3_market,398966.54
7147,2020-08,region_170,brand_3,86490.01
7148,2020-08,region_170,brand_12_market,279992.89
7149,2020-08,region_170,brand_3_market,566702.58
7150,2020-08,region_171,brand_3,35017.03
7151,2020-08,region_171,brand_12_market,209799.69
7152,2020-08,region_171,brand_3_market,470084.67
7153,2020-08,region_172,brand_3,55404.29
7154,2020-08,region_172,brand_12_market,169178.88
7155,2020-08,region_172,brand_3_market,370992.83
7156,2020-08,region_173,brand_3,67109.46
7157,2020-08,region_173,brand_12_market,468286.25
7158,2020-08,region_173,brand_3_market,863145.61
7159,2020-08,region_174,brand_3,47261.99
7160,2020-08,region_174,brand_12_market,435936.17
7161,2020-08,region_174,brand_3_market,760516.94
7162,2020-08,region_175,brand_3,14669.45
7163,2020-08,region_175,brand_12_market,275834.35
7164,2020-08,region_175,brand_3_market,496255.33
7165,2020-08,region_176,brand_3,36012.01
7166,2020-08,region_176,brand_12_market,304904.12
7167,2020-08,region_176,brand_3_market,638701.33
7168,2020-08,region_177,brand_3,53812.32
7169,2020-08,region_177,brand_12_market,311537.91
7170,2020-08,region_177,brand_3_market,721303.87
7171,2020-08,region_178,brand_3,24907.39
7172,2020-08,region_178,brand_12_market,204441.43
7173,2020-08,region_178,brand_3_market,352872.21
7174,2020-08,region_179,brand_3,98278.19
7175,2020-08,region_179,brand_12_market,525979.39
7176,2020-08,region_179,brand_3_market,1033525.21
7177,2020-08,region_180,brand_3,14525.82
7178,2020-08,region_180,brand_12_market,104546.49
7179,2020-08,region_180,brand_3_market,191324.06
7180,2020-08,region_181,brand_3,24863.81
7181,2020-08,region_181,brand_12_market,261128.74
7182,2020-08,region_181,brand_3_market,477770.61
7183,2020-08,region_182,brand_3,37173.28
7184,2020-08,region_182,brand_12_market,311452.03
7185,2020-08,region_182,brand_3_market,595606.62
7186,2020-08,region_183,brand_3,29341.73
7187,2020-08,region_183,brand_12_market,174430.28
7188,2020-08,region_183,brand_3_market,323389.82
7189,2020-08,region_184,brand_3,16742.57
7190,2020-08,region_184,brand_12_market,201160.41
7191,2020-08,region_184,brand_3_market,340084.15
7192,2020-08,region_185,brand_3,38542.21
7193,2020-08,region_185,brand_12_market,353958.92
7194,2020-08,region_185,brand_3_market,649716.05
7195,2020-08,region_186,brand_3,62017.19
7196,2020-08,region_186,brand_12_market,227164.89
7197,2020-08,region_186,brand_3_market,498499.79
7198,2020-08,region_187,brand_3,32279.31
7199,2020-08,region_187,brand_12_market,357227.75
7200,2020-08,region_187,brand_3_market,624895.27
7201,2020-08,region_188,brand_3,40544.83
7202,2020-08,region_188,brand_12_market,255567.49
7203,2020-08,region_188,brand_3_market,492653.6
7204,2020-08,region_189,brand_3,104539.72
7205,2020-08,region_189,brand_12_market,298701.81
7206,2020-08,region_189,brand_3_market,679891.99
7207,2020-08,region_190,brand_3,52445.69
7208,2020-08,region_190,brand_12_market,262239.11
7209,2020-08,region_190,brand_3_market,528547.98
7210,2020-08,region_191,brand_3,101059.79
7211,2020-08,region_191,brand_12_market,349393.11
7212,2020-08,region_191,brand_3_market,748421.09
7213,2020-08,region_192,brand_3,29858.28
7214,2020-08,region_192,brand_12_market,168775.89
7215,2020-08,region_192,brand_3_market,328055.23
7216,2020-08,region_193,brand_3,11479.9
7217,2020-08,region_193,brand_12_market,216170.33
7218,2020-08,region_193,brand_3_market,338652.03
7219,2020-08,region_194,brand_3,62583.65
7220,2020-08,region_194,brand_12_market,330314.01
7221,2020-08,region_194,brand_3_market,674108.24
7222,2020-08,region_195,brand_3,15850.9
7223,2020-08,region_195,brand_12_market,115417.08
7224,2020-08,region_195,brand_3_market,206770.8
7225,2020-08,region_196,brand_3,24511.03
7226,2020-08,region_196,brand_12_market,226609.63
7227,2020-08,region_196,brand_3_market,438284.33
7228,2020-08,region_197,brand_3,36445.5
7229,2020-08,region_197,brand_12_market,173594.7
7230,2020-08,region_197,brand_3_market,375773.29
7231,2020-08,region_198,brand_3,40902.98
7232,2020-08,region_198,brand_12_market,239986.68
7233,2020-08,region_198,brand_3_market,490679.65
7234,2020-08,region_199,brand_3,45935.95
7235,2020-08,region_199,brand_12_market,242052.65
7236,2020-08,region_199,brand_3_market,480303.35
7237,2020-08,region_200,brand_3,60606.39
7238,2020-08,region_200,brand_12_market,274216.3
7239,2020-08,region_200,brand_3_market,531402.28
7995,2020-09,region_151,brand_3,36607.82
7996,2020-09,region_151,brand_12_market,196588.63
7997,2020-09,region_151,brand_3_market,394031.07
7998,2020-09,region_152,brand_3,25540.0
7999,2020-09,region_152,brand_12_market,180692.67
8000,2020-09,region_152,brand_3_market,347835.83
8001,2020-09,region_153,brand_3,72144.72
8002,2020-09,region_153,brand_12_market,318730.88
8003,2020-09,region_153,brand_3_market,593455.97
8004,2020-09,region_154,brand_3,104226.37
8005,2020-09,region_154,brand_12_market,392511.89
8006,2020-09,region_154,brand_3_market,782836.82
8007,2020-09,region_155,brand_3,33141.5
8008,2020-09,region_155,brand_12_market,296356.13
8009,2020-09,region_155,brand_3_market,520769.43
8010,2020-09,region_156,brand_3,21962.45
8011,2020-09,region_156,brand_12_market,207144.39
8012,2020-09,region_156,brand_3_market,351409.92
8013,2020-09,region_157,brand_3,64289.36
8014,2020-09,region_157,brand_12_market,375118.61
8015,2020-09,region_157,brand_3_market,730047.13
8016,2020-09,region_158,brand_3,30478.3
8017,2020-09,region_158,brand_12_market,232567.64
8018,2020-09,region_158,brand_3_market,427513.12
8019,2020-09,region_159,brand_3,31935.07
8020,2020-09,region_159,brand_12_market,319502.15
8021,2020-09,region_159,brand_3_market,523490.44
8022,2020-09,region_160,brand_3,16220.53
8023,2020-09,region_160,brand_12_market,287409.57
8024,2020-09,region_160,brand_3_market,502605.79
8025,2020-09,region_161,brand_3,9469.64
8026,2020-09,region_161,brand_12_market,128102.35
8027,2020-09,region_161,brand_3_market,208326.19
8028,2020-09,region_162,brand_3,70100.23
8029,2020-09,region_162,brand_12_market,228663.1
8030,2020-09,region_162,brand_3_market,555638.81
8031,2020-09,region_163,brand_3,37795.56
8032,2020-09,region_163,brand_12_market,308562.85
8033,2020-09,region_163,brand_3_market,513513.03
8034,2020-09,region_164,brand_3,61102.32
8035,2020-09,region_164,brand_12_market,436675.47
8036,2020-09,region_164,brand_3_market,774994.19
8037,2020-09,region_165,brand_3,110919.19
8038,2020-09,region_165,brand_12_market,467656.39
8039,2020-09,region_165,brand_3_market,980868.97
8040,2020-09,region_166,brand_3,16491.53
8041,2020-09,region_166,brand_12_market,166018.64
8042,2020-09,region_166,brand_3_market,283752.25
8043,2020-09,region_167,brand_3,25195.04
8044,2020-09,region_167,brand_12_market,240399.98
8045,2020-09,region_167,brand_3_market,428501.42
8046,2020-09,region_168,brand_3,71906.21
8047,2020-09,region_168,brand_12_market,329849.93
8048,2020-09,region_168,brand_3_market,565882.53
8049,2020-09,region_169,brand_3,27552.8
8050,2020-09,region_169,brand_12_market,233082.02
8051,2020-09,region_169,brand_3_market,459458.18
8052,2020-09,region_170,brand_3,100651.26
8053,2020-09,region_170,brand_12_market,373566.43
8054,2020-09,region_170,brand_3_market,737586.0
8055,2020-09,region_171,brand_3,32604.4
8056,2020-09,region_171,brand_12_market,228398.8
8057,2020-09,region_171,brand_3_market,491776.77
8058,2020-09,region_172,brand_3,64778.23
8059,2020-09,region_172,brand_12_market,201493.64
8060,2020-09,region_172,brand_3_market,437584.87
8061,2020-09,region_173,brand_3,68052.57
8062,2020-09,region_173,brand_12_market,467043.06
8063,2020-09,region_173,brand_3_market,833914.98
8064,2020-09,region_174,brand_3,43827.9
8065,2020-09,region_174,brand_12_market,468322.75
8066,2020-09,region_174,brand_3_market,778815.54
8067,2020-09,region_175,brand_3,20778.59
8068,2020-09,region_175,brand_12_market,328065.4
8069,2020-09,region_175,brand_3_market,573805.91
8070,2020-09,region_176,brand_3,32374.8
8071,2020-09,region_176,brand_12_market,311449.89
8072,2020-09,region_176,brand_3_market,640261.05
8073,2020-09,region_177,brand_3,54180.3
8074,2020-09,region_177,brand_12_market,342734.25
8075,2020-09,region_177,brand_3_market,765014.63
8076,2020-09,region_178,brand_3,28552.87
8077,2020-09,region_178,brand_12_market,248220.86
8078,2020-09,region_178,brand_3_market,422636.05
8079,2020-09,region_179,brand_3,85199.86
8080,2020-09,region_179,brand_12_market,589834.23
8081,2020-09,region_179,brand_3_market,1102736.78
8082,2020-09,region_180,brand_3,16800.38
8083,2020-09,region_180,brand_12_market,124135.8
8084,2020-09,region_180,brand_3_market,228950.93
8085,2020-09,region_181,brand_3,30726.16
8086,2020-09,region_181,brand_12_market,293294.71
8087,2020-09,region_181,brand_3_market,530548.78
8088,2020-09,region_182,brand_3,43772.15
8089,2020-09,region_182,brand_12_market,348876.33
8090,2020-09,region_182,brand_3_market,658094.88
8091,2020-09,region_183,brand_3,29522.72
8092,2020-09,region_183,brand_12_market,180993.4
8093,2020-09,region_183,brand_3_market,335501.44
8094,2020-09,region_184,brand_3,13485.97
8095,2020-09,region_184,brand_12_market,212016.71
8096,2020-09,region_184,brand_3_market,364393.32
8097,2020-09,region_185,brand_3,42248.12
8098,2020-09,region_185,brand_12_market,452918.58
8099,2020-09,region_185,brand_3_market,802414.73
8100,2020-09,region_186,brand_3,73716.73
8101,2020-09,region_186,brand_12_market,281929.58
8102,2020-09,region_186,brand_3_market,603906.62
8103,2020-09,region_187,brand_3,34389.42
8104,2020-09,region_187,brand_12_market,353223.73
8105,2020-09,region_187,brand_3_market,631915.26
8106,2020-09,region_188,brand_3,45291.56
8107,2020-09,region_188,brand_12_market,286080.04
8108,2020-09,region_188,brand_3_market,552580.73
8109,2020-09,region_189,brand_3,119890.84
8110,2020-09,region_189,brand_12_market,426028.58
8111,2020-09,region_189,brand_3_market,899321.59
8112,2020-09,region_190,brand_3,44423.86
8113,2020-09,region_190,brand_12_market,271395.71
8114,2020-09,region_190,brand_3_market,525843.14
8115,2020-09,region_191,brand_3,96748.44
8116,2020-09,region_191,brand_12_market,368780.77
8117,2020-09,region_191,brand_3_market,754737.02
8118,2020-09,region_192,brand_3,36217.91
8119,2020-09,region_192,brand_12_market,206565.5
8120,2020-09,region_192,brand_3_market,394810.65
8121,2020-09,region_193,brand_3,16946.93
8122,2020-09,region_193,brand_12_market,289066.3
8123,2020-09,region_193,brand_3_market,434271.81
8124,2020-09,region_194,brand_3,78680.73
8125,2020-09,region_194,brand_12_market,443193.1
8126,2020-09,region_194,brand_3_market,884436.48
8127,2020-09,region_195,brand_3,19849.33
8128,2020-09,region_195,brand_12_market,135689.81
8129,2020-09,region_195,brand_3_market,241127.37
8130,2020-09,region_196,brand_3,23824.87
8131,2020-09,region_196,brand_12_market,264439.74
8132,2020-09,region_196,brand_3_market,505030.74
8133,2020-09,region_197,brand_3,47449.05
8134,2020-09,region_197,brand_12_market,194607.49
8135,2020-09,region_197,brand_3_market,438980.79
8136,2020-09,region_198,brand_3,45685.79
8137,2020-09,region_198,brand_12_market,251468.19
8138,2020-09,region_198,brand_3_market,514287.68
8139,2020-09,region_199,brand_3,49372.61
8140,2020-09,region_199,brand_12_market,311671.47
8141,2020-09,region_199,brand_3_market,586397.97
8142,2020-09,region_200,brand_3,67185.15
8143,2020-09,region_200,brand_12_market,329985.6
8144,2020-09,region_200,brand_3_market,605310.39
8900,2020-10,region_151,brand_3,33562.74
8901,2020-10,region_151,brand_12_market,221102.67
8902,2020-10,region_151,brand_3_market,448250.87
8903,2020-10,region_152,brand_3,28269.99
8904,2020-10,region_152,brand_12_market,182607.62
8905,2020-10,region_152,brand_3_market,355912.99
8906,2020-10,region_153,brand_3,83579.22
8907,2020-10,region_153,brand_12_market,399429.07
8908,2020-10,region_153,brand_3_market,720575.91
8909,2020-10,region_154,brand_3,114438.92
8910,2020-10,region_154,brand_12_market,440509.65
8911,2020-10,region_154,brand_3_market,866533.88
8912,2020-10,region_155,brand_3,38992.3
8913,2020-10,region_155,brand_12_market,321045.25
8914,2020-10,region_155,brand_3_market,564041.24
8915,2020-10,region_156,brand_3,25192.44
8916,2020-10,region_156,brand_12_market,237374.3
8917,2020-10,region_156,brand_3_market,393920.15
8918,2020-10,region_157,brand_3,63223.62
8919,2020-10,region_157,brand_12_market,420435.76
8920,2020-10,region_157,brand_3_market,806543.62
8921,2020-10,region_158,brand_3,41000.27
8922,2020-10,region_158,brand_12_market,293369.5
8923,2020-10,region_158,brand_3_market,537283.03
8924,2020-10,region_159,brand_3,39454.74
8925,2020-10,region_159,brand_12_market,349478.18
8926,2020-10,region_159,brand_3_market,601962.16
8927,2020-10,region_160,brand_3,22327.72
8928,2020-10,region_160,brand_12_market,331497.05
8929,2020-10,region_160,brand_3_market,575467.06
8930,2020-10,region_161,brand_3,11332.41
8931,2020-10,region_161,brand_12_market,149521.1
8932,2020-10,region_161,brand_3_market,246559.37
8933,2020-10,region_162,brand_3,78645.86
8934,2020-10,region_162,brand_12_market,240228.92
8935,2020-10,region_162,brand_3_market,603686.79
8936,2020-10,region_163,brand_3,43034.94
8937,2020-10,region_163,brand_12_market,343433.72
8938,2020-10,region_163,brand_3_market,594557.61
8939,2020-10,region_164,brand_3,80187.46
8940,2020-10,region_164,brand_12_market,516159.43
8941,2020-10,region_164,brand_3_market,909323.33
8942,2020-10,region_165,brand_3,119330.01
8943,2020-10,region_165,brand_12_market,486727.32
8944,2020-10,region_165,brand_3_market,1053384.01
8945,2020-10,region_166,brand_3,19432.4
8946,2020-10,region_166,brand_12_market,194211.83
8947,2020-10,region_166,brand_3_market,326413.94
8948,2020-10,region_167,brand_3,24696.87
8949,2020-10,region_167,brand_12_market,255285.1
8950,2020-10,region_167,brand_3_market,452334.54
8951,2020-10,region_168,brand_3,66389.85
8952,2020-10,region_168,brand_12_market,361845.64
8953,2020-10,region_168,brand_3_market,619158.23
8954,2020-10,region_169,brand_3,30256.79
8955,2020-10,region_169,brand_12_market,243797.5
8956,2020-10,region_169,brand_3_market,472722.89
8957,2020-10,region_170,brand_3,106313.65
8958,2020-10,region_170,brand_12_market,374110.79
8959,2020-10,region_170,brand_3_market,748538.79
8960,2020-10,region_171,brand_3,38105.24
8961,2020-10,region_171,brand_12_market,242783.7
8962,2020-10,region_171,brand_3_market,532839.15
8963,2020-10,region_172,brand_3,67558.53
8964,2020-10,region_172,brand_12_market,198586.39
8965,2020-10,region_172,brand_3_market,441453.49
8966,2020-10,region_173,brand_3,69221.54
8967,2020-10,region_173,brand_12_market,489426.08
8968,2020-10,region_173,brand_3_market,880248.85
8969,2020-10,region_174,brand_3,43124.99
8970,2020-10,region_174,brand_12_market,460673.39
8971,2020-10,region_174,brand_3_market,778795.84
8972,2020-10,region_175,brand_3,17542.53
8973,2020-10,region_175,brand_12_market,353111.5
8974,2020-10,region_175,brand_3_market,631138.19
8975,2020-10,region_176,brand_3,34342.28
8976,2020-10,region_176,brand_12_market,320722.24
8977,2020-10,region_176,brand_3_market,675469.73
8978,2020-10,region_177,brand_3,48622.55
8979,2020-10,region_177,brand_12_market,365408.25
8980,2020-10,region_177,brand_3_market,795182.57
8981,2020-10,region_178,brand_3,30938.84
8982,2020-10,region_178,brand_12_market,272523.58
8983,2020-10,region_178,brand_3_market,462410.3
8984,2020-10,region_179,brand_3,92892.07
8985,2020-10,region_179,brand_12_market,606132.62
8986,2020-10,region_179,brand_3_market,1162659.89
8987,2020-10,region_180,brand_3,23479.74
8988,2020-10,region_180,brand_12_market,145348.54
8989,2020-10,region_180,brand_3_market,273852.3
8990,2020-10,region_181,brand_3,27598.62
8991,2020-10,region_181,brand_12_market,294583.38
8992,2020-10,region_181,brand_3_market,528216.24
8993,2020-10,region_182,brand_3,34848.91
8994,2020-10,region_182,brand_12_market,340242.76
8995,2020-10,region_182,brand_3_market,630942.16
8996,2020-10,region_183,brand_3,30327.96
8997,2020-10,region_183,brand_12_market,198390.63
8998,2020-10,region_183,brand_3_market,365402.58
8999,2020-10,region_184,brand_3,19895.69
9000,2020-10,region_184,brand_12_market,255948.02
9001,2020-10,region_184,brand_3_market,425612.26
9002,2020-10,region_185,brand_3,41327.33
9003,2020-10,region_185,brand_12_market,443079.08
9004,2020-10,region_185,brand_3_market,780282.67
9005,2020-10,region_186,brand_3,75100.88
9006,2020-10,region_186,brand_12_market,276974.84
9007,2020-10,region_186,brand_3_market,599580.2
9008,2020-10,region_187,brand_3,37893.01
9009,2020-10,region_187,brand_12_market,418693.12
9010,2020-10,region_187,brand_3_market,733411.84
9011,2020-10,region_188,brand_3,44730.18
9012,2020-10,region_188,brand_12_market,309791.11
9013,2020-10,region_188,brand_3_market,579443.37
9014,2020-10,region_189,brand_3,122159.83
9015,2020-10,region_189,brand_12_market,434038.8
9016,2020-10,region_189,brand_3_market,913750.84
9017,2020-10,region_190,brand_3,50526.71
9018,2020-10,region_190,brand_12_market,296377.89
9019,2020-10,region_190,brand_3_market,563719.9
9020,2020-10,region_191,brand_3,97817.07
9021,2020-10,region_191,brand_12_market,366127.55
9022,2020-10,region_191,brand_3_market,756671.38
9023,2020-10,region_192,brand_3,37447.18
9024,2020-10,region_192,brand_12_market,232771.41
9025,2020-10,region_192,brand_3_market,443061.47
9026,2020-10,region_193,brand_3,17189.1
9027,2020-10,region_193,brand_12_market,333346.54
9028,2020-10,region_193,brand_3_market,504644.3
9029,2020-10,region_194,brand_3,83655.08
9030,2020-10,region_194,brand_12_market,438618.8
9031,2020-10,region_194,brand_3_market,895339.07
9032,2020-10,region_195,brand_3,20060.53
9033,2020-10,region_195,brand_12_market,154734.75
9034,2020-10,region_195,brand_3_market,275688.36
9035,2020-10,region_196,brand_3,30344.24
9036,2020-10,region_196,brand_12_market,301543.3
9037,2020-10,region_196,brand_3_market,560473.74
9038,2020-10,region_197,brand_3,49693.59
9039,2020-10,region_197,brand_12_market,210358.73
9040,2020-10,region_197,brand_3_market,471564.1
9041,2020-10,region_198,brand_3,45526.06
9042,2020-10,region_198,brand_12_market,285631.41
9043,2020-10,region_198,brand_3_market,569403.82
9044,2020-10,region_199,brand_3,44537.93
9045,2020-10,region_199,brand_12_market,298002.42
9046,2020-10,region_199,brand_3_market,556699.42
9047,2020-10,region_200,brand_3,64849.61
9048,2020-10,region_200,brand_12_market,314929.68
9049,2020-10,region_200,brand_3_market,595481.56
9805,2020-11,region_151,brand_3,29483.28
9806,2020-11,region_151,brand_12_market,188318.94
9807,2020-11,region_151,brand_3_market,385862.79
9808,2020-11,region_152,brand_3,27641.25
9809,2020-11,region_152,brand_12_market,183431.3
9810,2020-11,region_152,brand_3_market,351478.97
9811,2020-11,region_153,brand_3,75163.66
9812,2020-11,region_153,brand_12_market,339423.94
9813,2020-11,region_153,brand_3_market,612684.36
9814,2020-11,region_154,brand_3,115067.04
9815,2020-11,region_154,brand_12_market,431299.98
9816,2020-11,region_154,brand_3_market,856292.83
9817,2020-11,region_155,brand_3,33708.28
9818,2020-11,region_155,brand_12_market,289876.37
9819,2020-11,region_155,brand_3_market,518658.11
9820,2020-11,region_156,brand_3,20329.98
9821,2020-11,region_156,brand_12_market,218192.54
9822,2020-11,region_156,brand_3_market,361585.2
9823,2020-11,region_157,brand_3,61332.95
9824,2020-11,region_157,brand_12_market,414888.39
9825,2020-11,region_157,brand_3_market,774719.76
9826,2020-11,region_158,brand_3,33849.67
9827,2020-11,region_158,brand_12_market,268430.03
9828,2020-11,region_158,brand_3_market,479457.98
9829,2020-11,region_159,brand_3,40428.13
9830,2020-11,region_159,brand_12_market,388290.91
9831,2020-11,region_159,brand_3_market,628025.55
9832,2020-11,region_160,brand_3,20979.58
9833,2020-11,region_160,brand_12_market,318568.92
9834,2020-11,region_160,brand_3_market,537754.87
9835,2020-11,region_161,brand_3,11921.55
9836,2020-11,region_161,brand_12_market,150209.86
9837,2020-11,region_161,brand_3_market,242833.73
9838,2020-11,region_162,brand_3,76020.68
9839,2020-11,region_162,brand_12_market,250294.08
9840,2020-11,region_162,brand_3_market,602109.89
9841,2020-11,region_163,brand_3,38068.56
9842,2020-11,region_163,brand_12_market,347779.71
9843,2020-11,region_163,brand_3_market,570721.04
9844,2020-11,region_164,brand_3,70471.37
9845,2020-11,region_164,brand_12_market,487344.66
9846,2020-11,region_164,brand_3_market,856449.6
9847,2020-11,region_165,brand_3,124618.43
9848,2020-11,region_165,brand_12_market,480241.68
9849,2020-11,region_165,brand_3_market,1044139.33
9850,2020-11,region_166,brand_3,16330.4
9851,2020-11,region_166,brand_12_market,175897.61
9852,2020-11,region_166,brand_3_market,291709.24
9853,2020-11,region_167,brand_3,25489.46
9854,2020-11,region_167,brand_12_market,241532.92
9855,2020-11,region_167,brand_3_market,437339.57
9856,2020-11,region_168,brand_3,70841.73
9857,2020-11,region_168,brand_12_market,377949.17
9858,2020-11,region_168,brand_3_market,625319.56
9859,2020-11,region_169,brand_3,29882.35
9860,2020-11,region_169,brand_12_market,237111.76
9861,2020-11,region_169,brand_3_market,454337.57
9862,2020-11,region_170,brand_3,104787.71
9863,2020-11,region_170,brand_12_market,386104.4
9864,2020-11,region_170,brand_3_market,754572.41
9865,2020-11,region_171,brand_3,35019.6
9866,2020-11,region_171,brand_12_market,234268.6
9867,2020-11,region_171,brand_3_market,499660.57
9868,2020-11,region_172,brand_3,64115.07
9869,2020-11,region_172,brand_12_market,208104.63
9870,2020-11,region_172,brand_3_market,441735.49
9871,2020-11,region_173,brand_3,71752.61
9872,2020-11,region_173,brand_12_market,533499.84
9873,2020-11,region_173,brand_3_market,921618.53
9874,2020-11,region_174,brand_3,47682.77
9875,2020-11,region_174,brand_12_market,469960.87
9876,2020-11,region_174,brand_3_market,800636.63
9877,2020-11,region_175,brand_3,17705.63
9878,2020-11,region_175,brand_12_market,327872.89
9879,2020-11,region_175,brand_3_market,573041.19
9880,2020-11,region_176,brand_3,38501.86
9881,2020-11,region_176,brand_12_market,325388.58
9882,2020-11,region_176,brand_3_market,677604.37
9883,2020-11,region_177,brand_3,57975.0
9884,2020-11,region_177,brand_12_market,373103.21
9885,2020-11,region_177,brand_3_market,809668.29
9886,2020-11,region_178,brand_3,28299.57
9887,2020-11,region_178,brand_12_market,243049.85
9888,2020-11,region_178,brand_3_market,411477.04
9889,2020-11,region_179,brand_3,89749.69
9890,2020-11,region_179,brand_12_market,621812.5
9891,2020-11,region_179,brand_3_market,1154885.21
9892,2020-11,region_180,brand_3,17359.94
9893,2020-11,region_180,brand_12_market,135549.68
9894,2020-11,region_180,brand_3_market,235754.79
9895,2020-11,region_181,brand_3,28330.8
9896,2020-11,region_181,brand_12_market,311620.34
9897,2020-11,region_181,brand_3_market,557645.44
9898,2020-11,region_182,brand_3,43991.58
9899,2020-11,region_182,brand_12_market,352008.04
9900,2020-11,region_182,brand_3_market,653179.72
9901,2020-11,region_183,brand_3,25547.54
9902,2020-11,region_183,brand_12_market,198163.5
9903,2020-11,region_183,brand_3_market,354016.91
9904,2020-11,region_184,brand_3,13627.31
9905,2020-11,region_184,brand_12_market,229263.3
9906,2020-11,region_184,brand_3_market,381454.36
9907,2020-11,region_185,brand_3,42463.06
9908,2020-11,region_185,brand_12_market,455056.94
9909,2020-11,region_185,brand_3_market,802484.9
9910,2020-11,region_186,brand_3,75026.82
9911,2020-11,region_186,brand_12_market,288423.36
9912,2020-11,region_186,brand_3_market,616303.68
9913,2020-11,region_187,brand_3,30795.12
9914,2020-11,region_187,brand_12_market,394227.4
9915,2020-11,region_187,brand_3_market,688490.83
9916,2020-11,region_188,brand_3,46252.27
9917,2020-11,region_188,brand_12_market,315500.6
9918,2020-11,region_188,brand_3_market,580061.76
9919,2020-11,region_189,brand_3,127850.5
9920,2020-11,region_189,brand_12_market,430133.12
9921,2020-11,region_189,brand_3_market,918706.17
9922,2020-11,region_190,brand_3,48362.57
9923,2020-11,region_190,brand_12_market,280587.6
9924,2020-11,region_190,brand_3_market,541991.04
9925,2020-11,region_191,brand_3,103865.75
9926,2020-11,region_191,brand_12_market,376370.97
9927,2020-11,region_191,brand_3_market,770398.26
9928,2020-11,region_192,brand_3,38577.41
9929,2020-11,region_192,brand_12_market,218761.77
9930,2020-11,region_192,brand_3_market,416382.48
9931,2020-11,region_193,brand_3,16831.89
9932,2020-11,region_193,brand_12_market,308066.11
9933,2020-11,region_193,brand_3_market,455120.59
9934,2020-11,region_194,brand_3,78154.61
9935,2020-11,region_194,brand_12_market,470560.39
9936,2020-11,region_194,brand_3_market,916673.07
9937,2020-11,region_195,brand_3,18618.1
9938,2020-11,region_195,brand_12_market,143283.69
9939,2020-11,region_195,brand_3_market,247926.22
9940,2020-11,region_196,brand_3,24320.35
9941,2020-11,region_196,brand_12_market,269835.2
9942,2020-11,region_196,brand_3_market,514559.38
9943,2020-11,region_197,brand_3,44487.24
9944,2020-11,region_197,brand_12_market,195216.9
9945,2020-11,region_197,brand_3_market,428113.32
9946,2020-11,region_198,brand_3,41682.06
9947,2020-11,region_198,brand_12_market,281268.93
9948,2020-11,region_198,brand_3_market,563945.47
9949,2020-11,region_199,brand_3,47980.46
9950,2020-11,region_199,brand_12_market,322751.85
9951,2020-11,region_199,brand_3_market,597230.5
9952,2020-11,region_200,brand_3,64072.92
9953,2020-11,region_200,brand_12_market,338413.61
9954,2020-11,region_200,brand_3_market,614834.02
10710,2020-12,region_151,brand_3,35282.68
10711,2020-12,region_151,brand_12_market,226453.77
10712,2020-12,region_151,brand_3_market,443097.44
10713,2020-12,region_152,brand_3,28804.2
10714,2020-12,region_152,brand_12_market,205262.99
10715,2020-12,region_152,brand_3_market,380420.6
10716,2020-12,region_153,brand_3,72832.32
10717,2020-12,region_153,brand_12_market,373414.06
10718,2020-12,region_153,brand_3_market,652244.68
10719,2020-12,region_154,brand_3,109160.37
10720,2020-12,region_154,brand_12_market,428477.57
10721,2020-12,region_154,brand_3_market,850830.69
10722,2020-12,region_155,brand_3,34221.35
10723,2020-12,region_155,brand_12_market,316663.01
10724,2020-12,region_155,brand_3_market,555844.64
10725,2020-12,region_156,brand_3,21642.37
10726,2020-12,region_156,brand_12_market,241168.16
10727,2020-12,region_156,brand_3_market,388094.25
10728,2020-12,region_157,brand_3,66463.65
10729,2020-12,region_157,brand_12_market,425285.26
10730,2020-12,region_157,brand_3_market,808055.29
10731,2020-12,region_158,brand_3,36516.36
10732,2020-12,region_158,brand_12_market,271610.36
10733,2020-12,region_158,brand_3_market,486719.17
10734,2020-12,region_159,brand_3,31683.95
10735,2020-12,region_159,brand_12_market,360145.8
10736,2020-12,region_159,brand_3_market,572630.25
10737,2020-12,region_160,brand_3,18211.11
10738,2020-12,region_160,brand_12_market,333891.44
10739,2020-12,region_160,brand_3_market,550092.99
10740,2020-12,region_161,brand_3,12862.97
10741,2020-12,region_161,brand_12_market,156636.19
10742,2020-12,region_161,brand_3_market,254192.77
10743,2020-12,region_162,brand_3,79905.79
10744,2020-12,region_162,brand_12_market,264009.9
10745,2020-12,region_162,brand_3_market,618017.38
10746,2020-12,region_163,brand_3,39232.58
10747,2020-12,region_163,brand_12_market,331525.9
10748,2020-12,region_163,brand_3_market,547797.19
10749,2020-12,region_164,brand_3,73775.13
10750,2020-12,region_164,brand_12_market,504453.84
10751,2020-12,region_164,brand_3_market,883360.74
10752,2020-12,region_165,brand_3,111396.24
10753,2020-12,region_165,brand_12_market,475241.0
10754,2020-12,region_165,brand_3_market,989807.16
10755,2020-12,region_166,brand_3,16185.11
10756,2020-12,region_166,brand_12_market,206415.48
10757,2020-12,region_166,brand_3_market,327628.31
10758,2020-12,region_167,brand_3,27684.08
10759,2020-12,region_167,brand_12_market,275505.06
10760,2020-12,region_167,brand_3_market,472361.99
10761,2020-12,region_168,brand_3,73095.2
10762,2020-12,region_168,brand_12_market,387263.15
10763,2020-12,region_168,brand_3_market,648449.38
10764,2020-12,region_169,brand_3,30121.19
10765,2020-12,region_169,brand_12_market,258383.66
10766,2020-12,region_169,brand_3_market,495992.14
10767,2020-12,region_170,brand_3,98007.74
10768,2020-12,region_170,brand_12_market,383289.2
10769,2020-12,region_170,brand_3_market,733205.93
10770,2020-12,region_171,brand_3,33468.87
10771,2020-12,region_171,brand_12_market,244834.85
10772,2020-12,region_171,brand_3_market,527727.02
10773,2020-12,region_172,brand_3,66244.62
10774,2020-12,region_172,brand_12_market,212394.97
10775,2020-12,region_172,brand_3_market,451322.71
10776,2020-12,region_173,brand_3,79078.93
10777,2020-12,region_173,brand_12_market,531124.18
10778,2020-12,region_173,brand_3_market,932895.81
10779,2020-12,region_174,brand_3,46058.45
10780,2020-12,region_174,brand_12_market,487797.6
10781,2020-12,region_174,brand_3_market,827542.24
10782,2020-12,region_175,brand_3,18310.09
10783,2020-12,region_175,brand_12_market,345072.07
10784,2020-12,region_175,brand_3_market,603797.22
10785,2020-12,region_176,brand_3,37321.01
10786,2020-12,region_176,brand_12_market,335728.44
10787,2020-12,region_176,brand_3_market,678197.21
10788,2020-12,region_177,brand_3,53247.45
10789,2020-12,region_177,brand_12_market,374787.53
10790,2020-12,region_177,brand_3_market,809912.78
10791,2020-12,region_178,brand_3,33447.29
10792,2020-12,region_178,brand_12_market,273942.42
10793,2020-12,region_178,brand_3_market,461098.91
10794,2020-12,region_179,brand_3,85249.13
10795,2020-12,region_179,brand_12_market,611945.06
10796,2020-12,region_179,brand_3_market,1120405.45
10797,2020-12,region_180,brand_3,18519.73
10798,2020-12,region_180,brand_12_market,152423.21
10799,2020-12,region_180,brand_3_market,265927.21
10800,2020-12,region_181,brand_3,29540.47
10801,2020-12,region_181,brand_12_market,318616.1
10802,2020-12,region_181,brand_3_market,570007.89
10803,2020-12,region_182,brand_3,40803.12
10804,2020-12,region_182,brand_12_market,366932.39
10805,2020-12,region_182,brand_3_market,670897.6
10806,2020-12,region_183,brand_3,31398.59
10807,2020-12,region_183,brand_12_market,208377.29
10808,2020-12,region_183,brand_3_market,374669.55
10809,2020-12,region_184,brand_3,14944.27
10810,2020-12,region_184,brand_12_market,246033.42
10811,2020-12,region_184,brand_3_market,409225.94
10812,2020-12,region_185,brand_3,46776.9
10813,2020-12,region_185,brand_12_market,479126.33
10814,2020-12,region_185,brand_3_market,853757.58
10815,2020-12,region_186,brand_3,76983.08
10816,2020-12,region_186,brand_12_market,290928.94
10817,2020-12,region_186,brand_3_market,617692.13
10818,2020-12,region_187,brand_3,33219.26
10819,2020-12,region_187,brand_12_market,406525.14
10820,2020-12,region_187,brand_3_market,713707.88
10821,2020-12,region_188,brand_3,48676.04
10822,2020-12,region_188,brand_12_market,311183.48
10823,2020-12,region_188,brand_3_market,576486.3
10824,2020-12,region_189,brand_3,123458.75
10825,2020-12,region_189,brand_12_market,436063.22
10826,2020-12,region_189,brand_3_market,918506.73
10827,2020-12,region_190,brand_3,52280.95
10828,2020-12,region_190,brand_12_market,299962.04
10829,2020-12,region_190,brand_3_market,572322.69
10830,2020-12,region_191,brand_3,108041.22
10831,2020-12,region_191,brand_12_market,361997.51
10832,2020-12,region_191,brand_3_market,763787.42
10833,2020-12,region_192,brand_3,35759.51
10834,2020-12,region_192,brand_12_market,236801.57
10835,2020-12,region_192,brand_3_market,437133.04
10836,2020-12,region_193,brand_3,16835.61
10837,2020-12,region_193,brand_12_market,326815.67
10838,2020-12,region_193,brand_3_market,491199.54
10839,2020-12,region_194,brand_3,77266.97
10840,2020-12,region_194,brand_12_market,450359.27
10841,2020-12,region_194,brand_3_market,869977.49
10842,2020-12,region_195,brand_3,18619.48
10843,2020-12,region_195,brand_12_market,158658.57
10844,2020-12,region_195,brand_3_market,266847.0
10845,2020-12,region_196,brand_3,25660.36
10846,2020-12,region_196,brand_12_market,309090.81
10847,2020-12,region_196,brand_3_market,581748.35
10848,2020-12,region_197,brand_3,45210.67
10849,2020-12,region_197,brand_12_market,223687.88
10850,2020-12,region_197,brand_3_market,475541.97
10851,2020-12,region_198,brand_3,48429.22
10852,2020-12,region_198,brand_12_market,280125.36
10853,2020-12,region_198,brand_3_market,565032.89
10854,2020-12,region_199,brand_3,49780.96
10855,2020-12,region_199,brand_12_market,322102.84
10856,2020-12,region_199,brand_3_market,593708.16
10857,2020-12,region_200,brand_3,68012.34
10858,2020-12,region_200,brand_12_market,342661.38
10859,2020-12,region_200,brand_3_market,634189.23
11615,2021-01,region_151,brand_3,30125.42
11616,2021-01,region_151,brand_12_market,190923.73
11617,2021-01,region_151,brand_3_market,389875.06
11618,2021-01,region_152,brand_3,28029.35
11619,2021-01,region_152,brand_12_market,181758.07
11620,2021-01,region_152,brand_3_market,348000.35
11621,2021-01,region_153,brand_3,69909.88
11622,2021-01,region_153,brand_12_market,327310.76
11623,2021-01,region_153,brand_3_market,586120.5
11624,2021-01,region_154,brand_3,98565.49
11625,2021-01,region_154,brand_12_market,384924.44
11626,2021-01,region_154,brand_3_market,750448.68
11627,2021-01,region_155,brand_3,31761.71
11628,2021-01,region_155,brand_12_market,289126.71
11629,2021-01,region_155,brand_3_market,515118.74
11630,2021-01,region_156,brand_3,23701.5
11631,2021-01,region_156,brand_12_market,217151.41
11632,2021-01,region_156,brand_3_market,357590.74
11633,2021-01,region_157,brand_3,57780.42
11634,2021-01,region_157,brand_12_market,422201.91
11635,2021-01,region_157,brand_3_market,794477.32
11636,2021-01,region_158,brand_3,32517.92
11637,2021-01,region_158,brand_12_market,277534.5
11638,2021-01,region_158,brand_3_market,484229.63
11639,2021-01,region_159,brand_3,35224.4
11640,2021-01,region_159,brand_12_market,343802.77
11641,2021-01,region_159,brand_3_market,577250.53
11642,2021-01,region_160,brand_3,18177.17
11643,2021-01,region_160,brand_12_market,297314.04
11644,2021-01,region_160,brand_3_market,510872.43
11645,2021-01,region_161,brand_3,11097.47
11646,2021-01,region_161,brand_12_market,135734.17
11647,2021-01,region_161,brand_3_market,225760.85
11648,2021-01,region_162,brand_3,68032.76
11649,2021-01,region_162,brand_12_market,242001.42
11650,2021-01,region_162,brand_3_market,573011.62
11651,2021-01,region_163,brand_3,39006.24
11652,2021-01,region_163,brand_12_market,329270.44
11653,2021-01,region_163,brand_3_market,561135.75
11654,2021-01,region_164,brand_3,72154.0
11655,2021-01,region_164,brand_12_market,470060.58
11656,2021-01,region_164,brand_3_market,834615.49
11657,2021-01,region_165,brand_3,119324.76
11658,2021-01,region_165,brand_12_market,489194.21
11659,2021-01,region_165,brand_3_market,1042590.22
11660,2021-01,region_166,brand_3,15980.07
11661,2021-01,region_166,brand_12_market,170429.02
11662,2021-01,region_166,brand_3_market,288222.72
11663,2021-01,region_167,brand_3,22522.99
11664,2021-01,region_167,brand_12_market,228329.04
11665,2021-01,region_167,brand_3_market,403603.39
11666,2021-01,region_168,brand_3,64464.94
11667,2021-01,region_168,brand_12_market,360528.22
11668,2021-01,region_168,brand_3_market,587471.0
11669,2021-01,region_169,brand_3,24976.02
11670,2021-01,region_169,brand_12_market,215673.36
11671,2021-01,region_169,brand_3_market,414192.49
11672,2021-01,region_170,brand_3,90053.15
11673,2021-01,region_170,brand_12_market,342764.49
11674,2021-01,region_170,brand_3_market,672903.19
11675,2021-01,region_171,brand_3,36626.54
11676,2021-01,region_171,brand_12_market,242271.81
11677,2021-01,region_171,brand_3_market,520942.0
11678,2021-01,region_172,brand_3,53275.15
11679,2021-01,region_172,brand_12_market,191167.54
11680,2021-01,region_172,brand_3_market,406747.89
11681,2021-01,region_173,brand_3,65289.2
11682,2021-01,region_173,brand_12_market,484747.59
11683,2021-01,region_173,brand_3_market,854167.95
11684,2021-01,region_174,brand_3,39322.59
11685,2021-01,region_174,brand_12_market,432843.64
11686,2021-01,region_174,brand_3_market,741178.52
11687,2021-01,region_175,brand_3,17675.95
11688,2021-01,region_175,brand_12_market,330321.9
11689,2021-01,region_175,brand_3_market,596106.55
11690,2021-01,region_176,brand_3,28822.6
11691,2021-01,region_176,brand_12_market,297865.03
11692,2021-01,region_176,brand_3_market,618720.31
11693,2021-01,region_177,brand_3,49173.11
11694,2021-01,region_177,brand_12_market,348044.8
11695,2021-01,region_177,brand_3_market,746504.91
11696,2021-01,region_178,brand_3,24324.19
11697,2021-01,region_178,brand_12_market,236932.81
11698,2021-01,region_178,brand_3_market,387709.53
11699,2021-01,region_179,brand_3,77636.43
11700,2021-01,region_179,brand_12_market,577561.49
11701,2021-01,region_179,brand_3_market,1067187.29
11702,2021-01,region_180,brand_3,18207.62
11703,2021-01,region_180,brand_12_market,129875.53
11704,2021-01,region_180,brand_3_market,235868.38
11705,2021-01,region_181,brand_3,24593.41
11706,2021-01,region_181,brand_12_market,295620.42
11707,2021-01,region_181,brand_3_market,526273.64
11708,2021-01,region_182,brand_3,37390.4
11709,2021-01,region_182,brand_12_market,317152.99
11710,2021-01,region_182,brand_3_market,591217.51
11711,2021-01,region_183,brand_3,27134.19
11712,2021-01,region_183,brand_12_market,182551.18
11713,2021-01,region_183,brand_3_market,333536.45
11714,2021-01,region_184,brand_3,16000.39
11715,2021-01,region_184,brand_12_market,222079.57
11716,2021-01,region_184,brand_3_market,380809.5
11717,2021-01,region_185,brand_3,36581.8
11718,2021-01,region_185,brand_12_market,413128.33
11719,2021-01,region_185,brand_3_market,725022.12
11720,2021-01,region_186,brand_3,72760.54
11721,2021-01,region_186,brand_12_market,267160.75
11722,2021-01,region_186,brand_3_market,578793.77
11723,2021-01,region_187,brand_3,29169.46
11724,2021-01,region_187,brand_12_market,372813.54
11725,2021-01,region_187,brand_3_market,659996.67
11726,2021-01,region_188,brand_3,42937.31
11727,2021-01,region_188,brand_12_market,272904.9
11728,2021-01,region_188,brand_3_market,535780.15
11729,2021-01,region_189,brand_3,105180.14
11730,2021-01,region_189,brand_12_market,389232.13
11731,2021-01,region_189,brand_3_market,813523.21
11732,2021-01,region_190,brand_3,50159.89
11733,2021-01,region_190,brand_12_market,275525.37
11734,2021-01,region_190,brand_3_market,531134.24
11735,2021-01,region_191,brand_3,94497.96
11736,2021-01,region_191,brand_12_market,341728.57
11737,2021-01,region_191,brand_3_market,703765.17
11738,2021-01,region_192,brand_3,35474.06
11739,2021-01,region_192,brand_12_market,212316.1
11740,2021-01,region_192,brand_3_market,394933.5
11741,2021-01,region_193,brand_3,12757.65
11742,2021-01,region_193,brand_12_market,266649.52
11743,2021-01,region_193,brand_3_market,406178.37
11744,2021-01,region_194,brand_3,76426.24
11745,2021-01,region_194,brand_12_market,418815.77
11746,2021-01,region_194,brand_3_market,829225.69
11747,2021-01,region_195,brand_3,16727.63
11748,2021-01,region_195,brand_12_market,141124.92
11749,2021-01,region_195,brand_3_market,234705.6
11750,2021-01,region_196,brand_3,23546.66
11751,2021-01,region_196,brand_12_market,258067.23
11752,2021-01,region_196,brand_3_market,477454.21
11753,2021-01,region_197,brand_3,37532.98
11754,2021-01,region_197,brand_12_market,187377.97
11755,2021-01,region_197,brand_3_market,412114.83
11756,2021-01,region_198,brand_3,41520.8
11757,2021-01,region_198,brand_12_market,269494.81
11758,2021-01,region_198,brand_3_market,538995.06
11759,2021-01,region_199,brand_3,46735.29
11760,2021-01,region_199,brand_12_market,284411.89
11761,2021-01,region_199,brand_3_market,535288.13
11762,2021-01,region_200,brand_3,60527.83
11763,2021-01,region_200,brand_12_market,323777.17
11764,2021-01,region_200,brand_3_market,593833.56
12520,2021-02,region_151,brand_3,32022.26
12521,2021-02,region_151,brand_12_market,193173.29
12522,2021-02,region_151,brand_3_market,373411.91
12523,2021-02,region_152,brand_3,22095.97
12524,2021-02,region_152,brand_12_market,157162.19
12525,2021-02,region_152,brand_3_market,295382.75
12526,2021-02,region_153,brand_3,71868.09
12527,2021-02,region_153,brand_12_market,348874.69
12528,2021-02,region_153,brand_3_market,615406.9
12529,2021-02,region_154,brand_3,100472.4
12530,2021-02,region_154,brand_12_market,388156.54
12531,2021-02,region_154,brand_3_market,766527.56
12532,2021-02,region_155,brand_3,28276.77
12533,2021-02,region_155,brand_12_market,275372.58
12534,2021-02,region_155,brand_3_market,479273.73
12535,2021-02,region_156,brand_3,20312.39
12536,2021-02,region_156,brand_12_market,206716.81
12537,2021-02,region_156,brand_3_market,347306.06
12538,2021-02,region_157,brand_3,58229.05
12539,2021-02,region_157,brand_12_market,403507.4
12540,2021-02,region_157,brand_3_market,742668.97
12541,2021-02,region_158,brand_3,29387.53
12542,2021-02,region_158,brand_12_market,264643.56
12543,2021-02,region_158,brand_3_market,457823.48
12544,2021-02,region_159,brand_3,32433.5
12545,2021-02,region_159,brand_12_market,322279.9
12546,2021-02,region_159,brand_3_market,520350.97
12547,2021-02,region_160,brand_3,17282.62
12548,2021-02,region_160,brand_12_market,300874.92
12549,2021-02,region_160,brand_3_market,519586.13
12550,2021-02,region_161,brand_3,10039.62
12551,2021-02,region_161,brand_12_market,138810.47
12552,2021-02,region_161,brand_3_market,224216.21
12553,2021-02,region_162,brand_3,65442.26
12554,2021-02,region_162,brand_12_market,231758.34
12555,2021-02,region_162,brand_3_market,541898.59
12556,2021-02,region_163,brand_3,35413.58
12557,2021-02,region_163,brand_12_market,297763.24
12558,2021-02,region_163,brand_3_market,497781.05
12559,2021-02,region_164,brand_3,60636.89
12560,2021-02,region_164,brand_12_market,461173.93
12561,2021-02,region_164,brand_3_market,800962.2
12562,2021-02,region_165,brand_3,99604.47
12563,2021-02,region_165,brand_12_market,438345.35
12564,2021-02,region_165,brand_3_market,921887.47
12565,2021-02,region_166,brand_3,17083.49
12566,2021-02,region_166,brand_12_market,168757.78
12567,2021-02,region_166,brand_3_market,274343.61
12568,2021-02,region_167,brand_3,19793.98
12569,2021-02,region_167,brand_12_market,234355.96
12570,2021-02,region_167,brand_3_market,400267.26
12571,2021-02,region_168,brand_3,63570.19
12572,2021-02,region_168,brand_12_market,348810.89
12573,2021-02,region_168,brand_3_market,577875.46
12574,2021-02,region_169,brand_3,23214.62
12575,2021-02,region_169,brand_12_market,207900.84
12576,2021-02,region_169,brand_3_market,399436.68
12577,2021-02,region_170,brand_3,89139.03
12578,2021-02,region_170,brand_12_market,349739.15
12579,2021-02,region_170,brand_3_market,660186.89
12580,2021-02,region_171,brand_3,32273.44
12581,2021-02,region_171,brand_12_market,226433.57
12582,2021-02,region_171,brand_3_market,479912.67
12583,2021-02,region_172,brand_3,54924.73
12584,2021-02,region_172,brand_12_market,193323.03
12585,2021-02,region_172,brand_3_market,397852.34
12586,2021-02,region_173,brand_3,65651.09
12587,2021-02,region_173,brand_12_market,480579.22
12588,2021-02,region_173,brand_3_market,837536.99
12589,2021-02,region_174,brand_3,41418.59
12590,2021-02,region_174,brand_12_market,430049.14
12591,2021-02,region_174,brand_3_market,737126.53
12592,2021-02,region_175,brand_3,17806.4
12593,2021-02,region_175,brand_12_market,307280.9
12594,2021-02,region_175,brand_3_market,533099.56
12595,2021-02,region_176,brand_3,32783.57
12596,2021-02,region_176,brand_12_market,292244.26
12597,2021-02,region_176,brand_3_market,598856.09
12598,2021-02,region_177,brand_3,48044.33
12599,2021-02,region_177,brand_12_market,333436.24
12600,2021-02,region_177,brand_3_market,715562.33
12601,2021-02,region_178,brand_3,25746.17
12602,2021-02,region_178,brand_12_market,236018.88
12603,2021-02,region_178,brand_3_market,396607.63
12604,2021-02,region_179,brand_3,75716.23
12605,2021-02,region_179,brand_12_market,542258.06
12606,2021-02,region_179,brand_3_market,995721.21
12607,2021-02,region_180,brand_3,17240.38
12608,2021-02,region_180,brand_12_market,135105.56
12609,2021-02,region_180,brand_3_market,232540.21
12610,2021-02,region_181,brand_3,23383.97
12611,2021-02,region_181,brand_12_market,283695.64
12612,2021-02,region_181,brand_3_market,511908.95
12613,2021-02,region_182,brand_3,40377.96
12614,2021-02,region_182,brand_12_market,337822.58
12615,2021-02,region_182,brand_3_market,608982.07
12616,2021-02,region_183,brand_3,24716.94
12617,2021-02,region_183,brand_12_market,177947.38
12618,2021-02,region_183,brand_3_market,325124.87
12619,2021-02,region_184,brand_3,15116.78
12620,2021-02,region_184,brand_12_market,215023.26
12621,2021-02,region_184,brand_3_market,358126.86
12622,2021-02,region_185,brand_3,40561.45
12623,2021-02,region_185,brand_12_market,416130.86
12624,2021-02,region_185,brand_3_market,734927.42
12625,2021-02,region_186,brand_3,64100.48
12626,2021-02,region_186,brand_12_market,250405.59
12627,2021-02,region_186,brand_3_market,541972.17
12628,2021-02,region_187,brand_3,29542.21
12629,2021-02,region_187,brand_12_market,356252.67
12630,2021-02,region_187,brand_3_market,614621.97
12631,2021-02,region_188,brand_3,42657.4
12632,2021-02,region_188,brand_12_market,261795.53
12633,2021-02,region_188,brand_3_market,497146.05
12634,2021-02,region_189,brand_3,105931.54
12635,2021-02,region_189,brand_12_market,377085.11
12636,2021-02,region_189,brand_3_market,773495.81
12637,2021-02,region_190,brand_3,44670.91
12638,2021-02,region_190,brand_12_market,279535.04
12639,2021-02,region_190,brand_3_market,510965.98
12640,2021-02,region_191,brand_3,85962.35
12641,2021-02,region_191,brand_12_market,312713.34
12642,2021-02,region_191,brand_3_market,654645.33
12643,2021-02,region_192,brand_3,30656.62
12644,2021-02,region_192,brand_12_market,205542.93
12645,2021-02,region_192,brand_3_market,375124.92
12646,2021-02,region_193,brand_3,12555.23
12647,2021-02,region_193,brand_12_market,302484.47
12648,2021-02,region_193,brand_3_market,441901.85
12649,2021-02,region_194,brand_3,66938.15
12650,2021-02,region_194,brand_12_market,394762.34
12651,2021-02,region_194,brand_3_market,774546.85
12652,2021-02,region_195,brand_3,14894.82
12653,2021-02,region_195,brand_12_market,138768.24
12654,2021-02,region_195,brand_3_market,232106.29
12655,2021-02,region_196,brand_3,21435.34
12656,2021-02,region_196,brand_12_market,247642.72
12657,2021-02,region_196,brand_3_market,454127.98
12658,2021-02,region_197,brand_3,37527.02
12659,2021-02,region_197,brand_12_market,188471.47
12660,2021-02,region_197,brand_3_market,409519.05
12661,2021-02,region_198,brand_3,42455.32
12662,2021-02,region_198,brand_12_market,261814.24
12663,2021-02,region_198,brand_3_market,529298.93
12664,2021-02,region_199,brand_3,44384.85
12665,2021-02,region_199,brand_12_market,281541.45
12666,2021-02,region_199,brand_3_market,515765.07
12667,2021-02,region_200,brand_3,57295.42
12668,2021-02,region_200,brand_12_market,303831.86
12669,2021-02,region_200,brand_3_market,561731.91
13425,2021-03,region_151,brand_3,30857.73
13426,2021-03,region_151,brand_12_market,226620.01
13427,2021-03,region_151,brand_3_market,427687.3
13428,2021-03,region_152,brand_3,26479.01
13429,2021-03,region_152,brand_12_market,198603.98
13430,2021-03,region_152,brand_3_market,370944.84
13431,2021-03,region_153,brand_3,78271.88
13432,2021-03,region_153,brand_12_market,394871.55
13433,2021-03,region_153,brand_3_market,683957.69
13434,2021-03,region_154,brand_3,104834.31
13435,2021-03,region_154,brand_12_market,456150.08
13436,2021-03,region_154,brand_3_market,866063.74
13437,2021-03,region_155,brand_3,32072.35
13438,2021-03,region_155,brand_12_market,334015.25
13439,2021-03,region_155,brand_3_market,573982.64
13440,2021-03,region_156,brand_3,20655.47
13441,2021-03,region_156,brand_12_market,253125.44
13442,2021-03,region_156,brand_3_market,397076.9
13443,2021-03,region_157,brand_3,59132.92
13444,2021-03,region_157,brand_12_market,458790.03
13445,2021-03,region_157,brand_3_market,844968.77
13446,2021-03,region_158,brand_3,33008.31
13447,2021-03,region_158,brand_12_market,286353.34
13448,2021-03,region_158,brand_3_market,496314.26
13449,2021-03,region_159,brand_3,35753.1
13450,2021-03,region_159,brand_12_market,368609.29
13451,2021-03,region_159,brand_3_market,589744.09
13452,2021-03,region_160,brand_3,18161.82
13453,2021-03,region_160,brand_12_market,348083.8
13454,2021-03,region_160,brand_3_market,571458.05
13455,2021-03,region_161,brand_3,11306.9
13456,2021-03,region_161,brand_12_market,164245.55
13457,2021-03,region_161,brand_3_market,256764.43
13458,2021-03,region_162,brand_3,79151.06
13459,2021-03,region_162,brand_12_market,278799.98
13460,2021-03,region_162,brand_3_market,643183.03
13461,2021-03,region_163,brand_3,38253.38
13462,2021-03,region_163,brand_12_market,356560.49
13463,2021-03,region_163,brand_3_market,572327.66
13464,2021-03,region_164,brand_3,69971.43
13465,2021-03,region_164,brand_12_market,553557.33
13466,2021-03,region_164,brand_3_market,933731.07
13467,2021-03,region_165,brand_3,122121.53
13468,2021-03,region_165,brand_12_market,532234.81
13469,2021-03,region_165,brand_3_market,1092513.69
13470,2021-03,region_166,brand_3,15930.94
13471,2021-03,region_166,brand_12_market,203722.38
13472,2021-03,region_166,brand_3_market,330943.43
13473,2021-03,region_167,brand_3,26205.76
13474,2021-03,region_167,brand_12_market,268554.45
13475,2021-03,region_167,brand_3_market,469896.78
13476,2021-03,region_168,brand_3,72830.01
13477,2021-03,region_168,brand_12_market,424845.51
13478,2021-03,region_168,brand_3_market,680443.09
13479,2021-03,region_169,brand_3,30747.61
13480,2021-03,region_169,brand_12_market,251035.13
13481,2021-03,region_169,brand_3_market,483327.1
13482,2021-03,region_170,brand_3,106531.49
13483,2021-03,region_170,brand_12_market,434357.31
13484,2021-03,region_170,brand_3_market,803704.12
13485,2021-03,region_171,brand_3,34910.66
13486,2021-03,region_171,brand_12_market,261554.49
13487,2021-03,region_171,brand_3_market,540330.82
13488,2021-03,region_172,brand_3,67513.04
13489,2021-03,region_172,brand_12_market,233159.38
13490,2021-03,region_172,brand_3_market,489089.7
13491,2021-03,region_173,brand_3,75596.64
13492,2021-03,region_173,brand_12_market,549221.78
13493,2021-03,region_173,brand_3_market,946299.84
13494,2021-03,region_174,brand_3,39975.23
13495,2021-03,region_174,brand_12_market,507332.5
13496,2021-03,region_174,brand_3_market,850271.41
13497,2021-03,region_175,brand_3,20353.66
13498,2021-03,region_175,brand_12_market,372917.59
13499,2021-03,region_175,brand_3_market,650051.46
13500,2021-03,region_176,brand_3,33873.12
13501,2021-03,region_176,brand_12_market,354021.01
13502,2021-03,region_176,brand_3_market,711903.63
13503,2021-03,region_177,brand_3,59081.08
13504,2021-03,region_177,brand_12_market,410840.02
13505,2021-03,region_177,brand_3_market,876980.75
13506,2021-03,region_178,brand_3,34201.47
13507,2021-03,region_178,brand_12_market,275732.14
13508,2021-03,region_178,brand_3_market,456854.03
13509,2021-03,region_179,brand_3,84865.25
13510,2021-03,region_179,brand_12_market,684391.2
13511,2021-03,region_179,brand_3_market,1214340.7
13512,2021-03,region_180,brand_3,21268.28
13513,2021-03,region_180,brand_12_market,158602.45
13514,2021-03,region_180,brand_3_market,271549.74
13515,2021-03,region_181,brand_3,30840.5
13516,2021-03,region_181,brand_12_market,354816.12
13517,2021-03,region_181,brand_3_market,604150.81
13518,2021-03,region_182,brand_3,50592.81
13519,2021-03,region_182,brand_12_market,426792.27
13520,2021-03,region_182,brand_3_market,767814.12
13521,2021-03,region_183,brand_3,33592.39
13522,2021-03,region_183,brand_12_market,214720.82
13523,2021-03,region_183,brand_3_market,383339.5
13524,2021-03,region_184,brand_3,14653.24
13525,2021-03,region_184,brand_12_market,259226.65
13526,2021-03,region_184,brand_3_market,420145.52
13527,2021-03,region_185,brand_3,43305.88
13528,2021-03,region_185,brand_12_market,478380.36
13529,2021-03,region_185,brand_3_market,836161.66
13530,2021-03,region_186,brand_3,81371.07
13531,2021-03,region_186,brand_12_market,317417.57
13532,2021-03,region_186,brand_3_market,663811.48
13533,2021-03,region_187,brand_3,33949.29
13534,2021-03,region_187,brand_12_market,432143.95
13535,2021-03,region_187,brand_3_market,739595.06
13536,2021-03,region_188,brand_3,43813.37
13537,2021-03,region_188,brand_12_market,325792.94
13538,2021-03,region_188,brand_3_market,598958.02
13539,2021-03,region_189,brand_3,115056.65
13540,2021-03,region_189,brand_12_market,472382.68
13541,2021-03,region_189,brand_3_market,954758.13
13542,2021-03,region_190,brand_3,44702.25
13543,2021-03,region_190,brand_12_market,326434.35
13544,2021-03,region_190,brand_3_market,590141.41
13545,2021-03,region_191,brand_3,109378.66
13546,2021-03,region_191,brand_12_market,424977.78
13547,2021-03,region_191,brand_3_market,841790.73
13548,2021-03,region_192,brand_3,34058.42
13549,2021-03,region_192,brand_12_market,244398.67
13550,2021-03,region_192,brand_3_market,438538.57
13551,2021-03,region_193,brand_3,16323.11
13552,2021-03,region_193,brand_12_market,364471.62
13553,2021-03,region_193,brand_3_market,519628.92
13554,2021-03,region_194,brand_3,75813.26
13555,2021-03,region_194,brand_12_market,487915.24
13556,2021-03,region_194,brand_3_market,923300.0
13557,2021-03,region_195,brand_3,17888.86
13558,2021-03,region_195,brand_12_market,150993.35
13559,2021-03,region_195,brand_3_market,260010.46
13560,2021-03,region_196,brand_3,26359.97
13561,2021-03,region_196,brand_12_market,314388.66
13562,2021-03,region_196,brand_3_market,576390.89
13563,2021-03,region_197,brand_3,47252.69
13564,2021-03,region_197,brand_12_market,229635.52
13565,2021-03,region_197,brand_3_market,480005.37
13566,2021-03,region_198,brand_3,53087.35
13567,2021-03,region_198,brand_12_market,297573.14
13568,2021-03,region_198,brand_3_market,592677.87
13569,2021-03,region_199,brand_3,49349.63
13570,2021-03,region_199,brand_12_market,334357.7
13571,2021-03,region_199,brand_3_market,614979.47
13572,2021-03,region_200,brand_3,66120.68
13573,2021-03,region_200,brand_12_market,378884.66
13574,2021-03,region_200,brand_3_market,674137.26
14330,2021-04,region_151,brand_3,36589.74
14331,2021-04,region_151,brand_12_market,235207.48
14332,2021-04,region_151,brand_3_market,447517.42
14333,2021-04,region_152,brand_3,26877.99
14334,2021-04,region_152,brand_12_market,198222.92
14335,2021-04,region_152,brand_3_market,366716.06
14336,2021-04,region_153,brand_3,80089.25
14337,2021-04,region_153,brand_12_market,400641.55
14338,2021-04,region_153,brand_3_market,688742.89
14339,2021-04,region_154,brand_3,124573.71
14340,2021-04,region_154,brand_12_market,499954.44
14341,2021-04,region_154,brand_3_market,950659.17
14342,2021-04,region_155,brand_3,31761.19
14343,2021-04,region_155,brand_12_market,325619.44
14344,2021-04,region_155,brand_3_market,551587.29
14345,2021-04,region_156,brand_3,22379.59
14346,2021-04,region_156,brand_12_market,244006.95
14347,2021-04,region_156,brand_3_market,387310.09
14348,2021-04,region_157,brand_3,61910.44
14349,2021-04,region_157,brand_12_market,480119.99
14350,2021-04,region_157,brand_3_market,869802.14
14351,2021-04,region_158,brand_3,32655.29
14352,2021-04,region_158,brand_12_market,327274.51
14353,2021-04,region_158,brand_3_market,548681.74
14354,2021-04,region_159,brand_3,40753.54
14355,2021-04,region_159,brand_12_market,391142.69
14356,2021-04,region_159,brand_3_market,645737.69
14357,2021-04,region_160,brand_3,19232.43
14358,2021-04,region_160,brand_12_market,345074.46
14359,2021-04,region_160,brand_3_market,562310.71
14360,2021-04,region_161,brand_3,10355.16
14361,2021-04,region_161,brand_12_market,195738.45
14362,2021-04,region_161,brand_3_market,289034.9
14363,2021-04,region_162,brand_3,70233.42
14364,2021-04,region_162,brand_12_market,273661.45
14365,2021-04,region_162,brand_3_market,620119.55
14366,2021-04,region_163,brand_3,37981.42
14367,2021-04,region_163,brand_12_market,372274.13
14368,2021-04,region_163,brand_3_market,600801.0
14369,2021-04,region_164,brand_3,77724.48
14370,2021-04,region_164,brand_12_market,567588.51
14371,2021-04,region_164,brand_3_market,944094.18
14372,2021-04,region_165,brand_3,112730.14
14373,2021-04,region_165,brand_12_market,505165.93
14374,2021-04,region_165,brand_3_market,1045211.97
14375,2021-04,region_166,brand_3,17900.91
14376,2021-04,region_166,brand_12_market,205929.79
14377,2021-04,region_166,brand_3_market,330659.1
14378,2021-04,region_167,brand_3,22181.65
14379,2021-04,region_167,brand_12_market,284771.14
14380,2021-04,region_167,brand_3_market,479010.73
14381,2021-04,region_168,brand_3,62742.37
14382,2021-04,region_168,brand_12_market,419249.05
14383,2021-04,region_168,brand_3_market,656736.78
14384,2021-04,region_169,brand_3,22666.73
14385,2021-04,region_169,brand_12_market,254883.67
14386,2021-04,region_169,brand_3_market,478296.08
14387,2021-04,region_170,brand_3,98550.43
14388,2021-04,region_170,brand_12_market,398919.14
14389,2021-04,region_170,brand_3_market,742529.69
14390,2021-04,region_171,brand_3,35641.82
14391,2021-04,region_171,brand_12_market,272962.55
14392,2021-04,region_171,brand_3_market,552972.77
14393,2021-04,region_172,brand_3,64198.48
14394,2021-04,region_172,brand_12_market,231016.11
14395,2021-04,region_172,brand_3_market,464043.35
14396,2021-04,region_173,brand_3,73083.28
14397,2021-04,region_173,brand_12_market,548875.35
14398,2021-04,region_173,brand_3_market,942353.31
14399,2021-04,region_174,brand_3,40335.93
14400,2021-04,region_174,brand_12_market,465982.2
14401,2021-04,region_174,brand_3_market,771149.94
14402,2021-04,region_175,brand_3,20241.24
14403,2021-04,region_175,brand_12_market,371195.24
14404,2021-04,region_175,brand_3_market,635929.65
14405,2021-04,region_176,brand_3,29372.83
14406,2021-04,region_176,brand_12_market,325668.78
14407,2021-04,region_176,brand_3_market,652568.3
14408,2021-04,region_177,brand_3,52114.2
14409,2021-04,region_177,brand_12_market,411725.1
14410,2021-04,region_177,brand_3_market,832055.03
14411,2021-04,region_178,brand_3,29824.85
14412,2021-04,region_178,brand_12_market,277333.85
14413,2021-04,region_178,brand_3_market,450875.99
14414,2021-04,region_179,brand_3,80667.38
14415,2021-04,region_179,brand_12_market,666449.99
14416,2021-04,region_179,brand_3_market,1168292.98
14417,2021-04,region_180,brand_3,19896.64
14418,2021-04,region_180,brand_12_market,166734.83
14419,2021-04,region_180,brand_3_market,279405.4
14420,2021-04,region_181,brand_3,25357.16
14421,2021-04,region_181,brand_12_market,351273.57
14422,2021-04,region_181,brand_3_market,589733.52
14423,2021-04,region_182,brand_3,37887.31
14424,2021-04,region_182,brand_12_market,375583.21
14425,2021-04,region_182,brand_3_market,660185.57
14426,2021-04,region_183,brand_3,30156.57
14427,2021-04,region_183,brand_12_market,213988.84
14428,2021-04,region_183,brand_3_market,378425.28
14429,2021-04,region_184,brand_3,15471.15
14430,2021-04,region_184,brand_12_market,265876.99
14431,2021-04,region_184,brand_3_market,430747.94
14432,2021-04,region_185,brand_3,36400.26
14433,2021-04,region_185,brand_12_market,461758.78
14434,2021-04,region_185,brand_3_market,790747.01
14435,2021-04,region_186,brand_3,73735.99
14436,2021-04,region_186,brand_12_market,297207.0
14437,2021-04,region_186,brand_3_market,613360.83
14438,2021-04,region_187,brand_3,33074.47
14439,2021-04,region_187,brand_12_market,432277.1
14440,2021-04,region_187,brand_3_market,723126.48
14441,2021-04,region_188,brand_3,46456.43
14442,2021-04,region_188,brand_12_market,323221.83
14443,2021-04,region_188,brand_3_market,592103.9
14444,2021-04,region_189,brand_3,112817.06
14445,2021-04,region_189,brand_12_market,463234.66
14446,2021-04,region_189,brand_3_market,927754.76
14447,2021-04,region_190,brand_3,50605.89
14448,2021-04,region_190,brand_12_market,333271.21
14449,2021-04,region_190,brand_3_market,587105.09
14450,2021-04,region_191,brand_3,97864.23
14451,2021-04,region_191,brand_12_market,394995.05
14452,2021-04,region_191,brand_3_market,775684.75
14453,2021-04,region_192,brand_3,38782.09
14454,2021-04,region_192,brand_12_market,252055.46
14455,2021-04,region_192,brand_3_market,449931.46
14456,2021-04,region_193,brand_3,13885.12
14457,2021-04,region_193,brand_12_market,362632.16
14458,2021-04,region_193,brand_3_market,510229.95
14459,2021-04,region_194,brand_3,72554.56
14460,2021-04,region_194,brand_12_market,490142.69
14461,2021-04,region_194,brand_3_market,921778.1
14462,2021-04,region_195,brand_3,21733.09
14463,2021-04,region_195,brand_12_market,168559.08
14464,2021-04,region_195,brand_3_market,271220.28
14465,2021-04,region_196,brand_3,28411.72
14466,2021-04,region_196,brand_12_market,305979.15
14467,2021-04,region_196,brand_3_market,553839.95
14468,2021-04,region_197,brand_3,37604.45
14469,2021-04,region_197,brand_12_market,210075.19
14470,2021-04,region_197,brand_3_market,435413.8
14471,2021-04,region_198,brand_3,36986.86
14472,2021-04,region_198,brand_12_market,302211.59
14473,2021-04,region_198,brand_3_market,573572.47
14474,2021-04,region_199,brand_3,46558.3
14475,2021-04,region_199,brand_12_market,337530.04
14476,2021-04,region_199,brand_3_market,614311.98
14477,2021-04,region_200,brand_3,58967.21
14478,2021-04,region_200,brand_12_market,389591.18
14479,2021-04,region_200,brand_3_market,675945.51
15235,2021-05,region_151,brand_3,32422.59
15236,2021-05,region_151,brand_12_market,202965.45
15237,2021-05,region_151,brand_3_market,381943.52
15238,2021-05,region_152,brand_3,22064.07
15239,2021-05,region_152,brand_12_market,178828.78
15240,2021-05,region_152,brand_3_market,324450.17
15241,2021-05,region_153,brand_3,69665.7
15242,2021-05,region_153,brand_12_market,354559.1
15243,2021-05,region_153,brand_3_market,609048.29
15244,2021-05,region_154,brand_3,96996.64
15245,2021-05,region_154,brand_12_market,432417.8
15246,2021-05,region_154,brand_3_market,806046.89
15247,2021-05,region_155,brand_3,31433.45
15248,2021-05,region_155,brand_12_market,300688.6
15249,2021-05,region_155,brand_3_market,520427.05
15250,2021-05,region_156,brand_3,19799.06
15251,2021-05,region_156,brand_12_market,215473.02
15252,2021-05,region_156,brand_3_market,352332.72
15253,2021-05,region_157,brand_3,55406.81
15254,2021-05,region_157,brand_12_market,420314.4
15255,2021-05,region_157,brand_3_market,787561.38
15256,2021-05,region_158,brand_3,30218.86
15257,2021-05,region_158,brand_12_market,272225.42
15258,2021-05,region_158,brand_3_market,463830.33
15259,2021-05,region_159,brand_3,36894.98
15260,2021-05,region_159,brand_12_market,356983.12
15261,2021-05,region_159,brand_3_market,563269.92
15262,2021-05,region_160,brand_3,17662.62
15263,2021-05,region_160,brand_12_market,332230.22
15264,2021-05,region_160,brand_3_market,549503.07
15265,2021-05,region_161,brand_3,10652.45
15266,2021-05,region_161,brand_12_market,134645.7
15267,2021-05,region_161,brand_3_market,214119.45
15268,2021-05,region_162,brand_3,68882.92
15269,2021-05,region_162,brand_12_market,250193.78
15270,2021-05,region_162,brand_3_market,572858.18
15271,2021-05,region_163,brand_3,34870.51
15272,2021-05,region_163,brand_12_market,349661.29
15273,2021-05,region_163,brand_3_market,564743.54
15274,2021-05,region_164,brand_3,65181.71
15275,2021-05,region_164,brand_12_market,509727.92
15276,2021-05,region_164,brand_3_market,853384.61
15277,2021-05,region_165,brand_3,109081.01
15278,2021-05,region_165,brand_12_market,484962.12
15279,2021-05,region_165,brand_3_market,982446.99
15280,2021-05,region_166,brand_3,16612.33
15281,2021-05,region_166,brand_12_market,184779.34
15282,2021-05,region_166,brand_3_market,299191.61
15283,2021-05,region_167,brand_3,18201.3
15284,2021-05,region_167,brand_12_market,240667.49
15285,2021-05,region_167,brand_3_market,409595.42
15286,2021-05,region_168,brand_3,59540.22
15287,2021-05,region_168,brand_12_market,371033.95
15288,2021-05,region_168,brand_3_market,587274.54
15289,2021-05,region_169,brand_3,25612.95
15290,2021-05,region_169,brand_12_market,226091.56
15291,2021-05,region_169,brand_3_market,419317.87
15292,2021-05,region_170,brand_3,79742.46
15293,2021-05,region_170,brand_12_market,370078.64
15294,2021-05,region_170,brand_3_market,677622.67
15295,2021-05,region_171,brand_3,29842.57
15296,2021-05,region_171,brand_12_market,241285.52
15297,2021-05,region_171,brand_3_market,487664.11
15298,2021-05,region_172,brand_3,57030.34
15299,2021-05,region_172,brand_12_market,204770.72
15300,2021-05,region_172,brand_3_market,416994.61
15301,2021-05,region_173,brand_3,63545.96
15302,2021-05,region_173,brand_12_market,520194.64
15303,2021-05,region_173,brand_3_market,879397.17
15304,2021-05,region_174,brand_3,41492.22
15305,2021-05,region_174,brand_12_market,441081.3
15306,2021-05,region_174,brand_3_market,739741.81
15307,2021-05,region_175,brand_3,18255.41
15308,2021-05,region_175,brand_12_market,329744.15
15309,2021-05,region_175,brand_3_market,569212.56
15310,2021-05,region_176,brand_3,34487.72
15311,2021-05,region_176,brand_12_market,309989.02
15312,2021-05,region_176,brand_3_market,627339.98
15313,2021-05,region_177,brand_3,47408.69
15314,2021-05,region_177,brand_12_market,370924.96
15315,2021-05,region_177,brand_3_market,774843.73
15316,2021-05,region_178,brand_3,22775.77
15317,2021-05,region_178,brand_12_market,259514.94
15318,2021-05,region_178,brand_3_market,415302.32
15319,2021-05,region_179,brand_3,80477.61
15320,2021-05,region_179,brand_12_market,618317.99
15321,2021-05,region_179,brand_3_market,1104866.31
15322,2021-05,region_180,brand_3,16147.83
15323,2021-05,region_180,brand_12_market,139184.38
15324,2021-05,region_180,brand_3_market,232733.2
15325,2021-05,region_181,brand_3,24232.91
15326,2021-05,region_181,brand_12_market,320627.9
15327,2021-05,region_181,brand_3_market,548753.22
15328,2021-05,region_182,brand_3,43264.4
15329,2021-05,region_182,brand_12_market,381984.87
15330,2021-05,region_182,brand_3_market,681148.37
15331,2021-05,region_183,brand_3,23115.35
15332,2021-05,region_183,brand_12_market,191446.77
15333,2021-05,region_183,brand_3_market,334990.34
15334,2021-05,region_184,brand_3,14354.11
15335,2021-05,region_184,brand_12_market,235047.66
15336,2021-05,region_184,brand_3_market,380681.27
15337,2021-05,region_185,brand_3,39955.55
15338,2021-05,region_185,brand_12_market,417014.61
15339,2021-05,region_185,brand_3_market,724432.32
15340,2021-05,region_186,brand_3,67422.06
15341,2021-05,region_186,brand_12_market,273925.26
15342,2021-05,region_186,brand_3_market,567548.78
15343,2021-05,region_187,brand_3,29214.3
15344,2021-05,region_187,brand_12_market,388568.61
15345,2021-05,region_187,brand_3_market,666750.96
15346,2021-05,region_188,brand_3,37415.39
15347,2021-05,region_188,brand_12_market,304061.26
15348,2021-05,region_188,brand_3_market,540473.01
15349,2021-05,region_189,brand_3,103058.4
15350,2021-05,region_189,brand_12_market,400404.4
15351,2021-05,region_189,brand_3_market,815853.86
15352,2021-05,region_190,brand_3,41912.54
15353,2021-05,region_190,brand_12_market,301950.77
15354,2021-05,region_190,brand_3_market,534324.8
15355,2021-05,region_191,brand_3,98898.09
15356,2021-05,region_191,brand_12_market,346650.64
15357,2021-05,region_191,brand_3_market,700119.22
15358,2021-05,region_192,brand_3,27736.6
15359,2021-05,region_192,brand_12_market,222784.56
15360,2021-05,region_192,brand_3_market,394888.57
15361,2021-05,region_193,brand_3,15242.51
15362,2021-05,region_193,brand_12_market,315341.72
15363,2021-05,region_193,brand_3_market,460417.22
15364,2021-05,region_194,brand_3,61021.25
15365,2021-05,region_194,brand_12_market,437628.92
15366,2021-05,region_194,brand_3_market,796121.33
15367,2021-05,region_195,brand_3,14548.35
15368,2021-05,region_195,brand_12_market,141899.99
15369,2021-05,region_195,brand_3_market,236898.77
15370,2021-05,region_196,brand_3,21115.86
15371,2021-05,region_196,brand_12_market,270025.65
15372,2021-05,region_196,brand_3_market,479418.98
15373,2021-05,region_197,brand_3,40543.88
15374,2021-05,region_197,brand_12_market,195093.84
15375,2021-05,region_197,brand_3_market,413201.25
15376,2021-05,region_198,brand_3,40548.37
15377,2021-05,region_198,brand_12_market,279318.27
15378,2021-05,region_198,brand_3_market,544745.49
15379,2021-05,region_199,brand_3,44760.4
15380,2021-05,region_199,brand_12_market,295971.78
15381,2021-05,region_199,brand_3_market,547528.12
15382,2021-05,region_200,brand_3,58092.58
15383,2021-05,region_200,brand_12_market,332353.37
15384,2021-05,region_200,brand_3_market,591261.55
16140,2021-06,region_151,brand_3,30201.47
16141,2021-06,region_151,brand_12_market,225832.68
16142,2021-06,region_151,brand_3_market,406216.03
16143,2021-06,region_152,brand_3,24946.27
16144,2021-06,region_152,brand_12_market,189686.78
16145,2021-06,region_152,brand_3_market,356255.55
16146,2021-06,region_153,brand_3,71579.08
16147,2021-06,region_153,brand_12_market,363399.31
16148,2021-06,region_153,brand_3_market,624305.31
16149,2021-06,region_154,brand_3,110333.06
16150,2021-06,region_154,brand_12_market,463353.44
16151,2021-06,region_154,brand_3_market,868407.49
16152,2021-06,region_155,brand_3,32596.51
16153,2021-06,region_155,brand_12_market,308989.06
16154,2021-06,region_155,brand_3_market,531986.28
16155,2021-06,region_156,brand_3,19621.43
16156,2021-06,region_156,brand_12_market,219420.43
16157,2021-06,region_156,brand_3_market,350972.38
16158,2021-06,region_157,brand_3,58882.63
16159,2021-06,region_157,brand_12_market,454110.02
16160,2021-06,region_157,brand_3_market,828693.11
16161,2021-06,region_158,brand_3,33117.74
16162,2021-06,region_158,brand_12_market,275502.86
16163,2021-06,region_158,brand_3_market,479396.79
16164,2021-06,region_159,brand_3,33657.42
16165,2021-06,region_159,brand_12_market,337326.73
16166,2021-06,region_159,brand_3_market,537396.1
16167,2021-06,region_160,brand_3,14274.87
16168,2021-06,region_160,brand_12_market,314063.93
16169,2021-06,region_160,brand_3_market,524494.16
16170,2021-06,region_161,brand_3,11307.2
16171,2021-06,region_161,brand_12_market,141792.68
16172,2021-06,region_161,brand_3_market,224643.58
16173,2021-06,region_162,brand_3,72689.25
16174,2021-06,region_162,brand_12_market,271403.41
16175,2021-06,region_162,brand_3_market,596905.9
16176,2021-06,region_163,brand_3,31734.41
16177,2021-06,region_163,brand_12_market,348519.06
16178,2021-06,region_163,brand_3_market,550352.42
16179,2021-06,region_164,brand_3,61812.72
16180,2021-06,region_164,brand_12_market,500689.29
16181,2021-06,region_164,brand_3_market,842515.55
16182,2021-06,region_165,brand_3,116490.29
16183,2021-06,region_165,brand_12_market,518072.98
16184,2021-06,region_165,brand_3_market,1050413.99
16185,2021-06,region_166,brand_3,16501.89
16186,2021-06,region_166,brand_12_market,189265.54
16187,2021-06,region_166,brand_3_market,302080.07
16188,2021-06,region_167,brand_3,26834.36
16189,2021-06,region_167,brand_12_market,265794.83
16190,2021-06,region_167,brand_3_market,452282.15
16191,2021-06,region_168,brand_3,66170.13
16192,2021-06,region_168,brand_12_market,389340.76
16193,2021-06,region_168,brand_3_market,627232.12
16194,2021-06,region_169,brand_3,23090.54
16195,2021-06,region_169,brand_12_market,228664.15
16196,2021-06,region_169,brand_3_market,431709.39
16197,2021-06,region_170,brand_3,95900.04
16198,2021-06,region_170,brand_12_market,442410.61
16199,2021-06,region_170,brand_3_market,788144.17
16200,2021-06,region_171,brand_3,34559.39
16201,2021-06,region_171,brand_12_market,258148.85
16202,2021-06,region_171,brand_3_market,519829.5
16203,2021-06,region_172,brand_3,60780.63
16204,2021-06,region_172,brand_12_market,228150.05
16205,2021-06,region_172,brand_3_market,458199.57
16206,2021-06,region_173,brand_3,68972.55
16207,2021-06,region_173,brand_12_market,528147.9
16208,2021-06,region_173,brand_3_market,903252.02
16209,2021-06,region_174,brand_3,42046.92
16210,2021-06,region_174,brand_12_market,487021.43
16211,2021-06,region_174,brand_3_market,805078.9
16212,2021-06,region_175,brand_3,16491.64
16213,2021-06,region_175,brand_12_market,341920.04
16214,2021-06,region_175,brand_3_market,585376.75
16215,2021-06,region_176,brand_3,34244.46
16216,2021-06,region_176,brand_12_market,337529.25
16217,2021-06,region_176,brand_3_market,669612.83
16218,2021-06,region_177,brand_3,53166.19
16219,2021-06,region_177,brand_12_market,392951.78
16220,2021-06,region_177,brand_3_market,808021.79
16221,2021-06,region_178,brand_3,29915.89
16222,2021-06,region_178,brand_12_market,265246.89
16223,2021-06,region_178,brand_3_market,427093.75
16224,2021-06,region_179,brand_3,77005.2
16225,2021-06,region_179,brand_12_market,656525.48
16226,2021-06,region_179,brand_3_market,1140318.49
16227,2021-06,region_180,brand_3,18379.89
16228,2021-06,region_180,brand_12_market,139687.41
16229,2021-06,region_180,brand_3_market,240100.92
16230,2021-06,region_181,brand_3,25043.62
16231,2021-06,region_181,brand_12_market,325481.53
16232,2021-06,region_181,brand_3_market,562396.64
16233,2021-06,region_182,brand_3,39841.11
16234,2021-06,region_182,brand_12_market,390634.18
16235,2021-06,region_182,brand_3_market,684351.67
16236,2021-06,region_183,brand_3,27973.1
16237,2021-06,region_183,brand_12_market,194858.47
16238,2021-06,region_183,brand_3_market,341890.32
16239,2021-06,region_184,brand_3,13797.6
16240,2021-06,region_184,brand_12_market,230920.25
16241,2021-06,region_184,brand_3_market,368458.72
16242,2021-06,region_185,brand_3,38478.97
16243,2021-06,region_185,brand_12_market,477166.32
16244,2021-06,region_185,brand_3_market,820517.34
16245,2021-06,region_186,brand_3,75527.08
16246,2021-06,region_186,brand_12_market,294509.85
16247,2021-06,region_186,brand_3_market,605285.08
16248,2021-06,region_187,brand_3,31289.38
16249,2021-06,region_187,brand_12_market,410054.04
16250,2021-06,region_187,brand_3_market,697585.27
16251,2021-06,region_188,brand_3,41987.54
16252,2021-06,region_188,brand_12_market,302619.22
16253,2021-06,region_188,brand_3_market,547039.38
16254,2021-06,region_189,brand_3,115248.45
16255,2021-06,region_189,brand_12_market,491346.66
16256,2021-06,region_189,brand_3_market,950998.57
16257,2021-06,region_190,brand_3,44463.73
16258,2021-06,region_190,brand_12_market,309733.42
16259,2021-06,region_190,brand_3_market,563772.45
16260,2021-06,region_191,brand_3,111556.3
16261,2021-06,region_191,brand_12_market,408607.34
16262,2021-06,region_191,brand_3_market,809076.29
16263,2021-06,region_192,brand_3,35703.81
16264,2021-06,region_192,brand_12_market,240337.04
16265,2021-06,region_192,brand_3_market,420902.97
16266,2021-06,region_193,brand_3,14609.76
16267,2021-06,region_193,brand_12_market,328591.49
16268,2021-06,region_193,brand_3_market,473232.62
16269,2021-06,region_194,brand_3,73531.58
16270,2021-06,region_194,brand_12_market,468543.43
16271,2021-06,region_194,brand_3_market,874250.68
16272,2021-06,region_195,brand_3,14815.52
16273,2021-06,region_195,brand_12_market,143355.85
16274,2021-06,region_195,brand_3_market,243116.35
16275,2021-06,region_196,brand_3,25328.85
16276,2021-06,region_196,brand_12_market,294082.42
16277,2021-06,region_196,brand_3_market,533882.78
16278,2021-06,region_197,brand_3,40772.04
16279,2021-06,region_197,brand_12_market,218089.45
16280,2021-06,region_197,brand_3_market,450142.15
16281,2021-06,region_198,brand_3,50108.16
16282,2021-06,region_198,brand_12_market,293036.83
16283,2021-06,region_198,brand_3_market,561257.02
16284,2021-06,region_199,brand_3,46637.48
16285,2021-06,region_199,brand_12_market,338271.19
16286,2021-06,region_199,brand_3_market,604429.95
16287,2021-06,region_200,brand_3,62157.68
16288,2021-06,region_200,brand_12_market,355646.62
16289,2021-06,region_200,brand_3_market,623332.89
17045,2021-07,region_151,brand_3,32203.85
17046,2021-07,region_151,brand_12_market,240671.69
17047,2021-07,region_151,brand_3_market,439001.17
17048,2021-07,region_152,brand_3,26751.82
17049,2021-07,region_152,brand_12_market,203469.13
17050,2021-07,region_152,brand_3_market,382185.91
17051,2021-07,region_153,brand_3,77976.58
17052,2021-07,region_153,brand_12_market,431076.96
17053,2021-07,region_153,brand_3_market,729425.1
17054,2021-07,region_154,brand_3,103260.46
17055,2021-07,region_154,brand_12_market,408799.05
17056,2021-07,region_154,brand_3_market,796127.52
17057,2021-07,region_155,brand_3,33989.72
17058,2021-07,region_155,brand_12_market,349699.38
17059,2021-07,region_155,brand_3_market,589345.99
17060,2021-07,region_156,brand_3,24942.7
17061,2021-07,region_156,brand_12_market,255076.32
17062,2021-07,region_156,brand_3_market,406793.17
17063,2021-07,region_157,brand_3,61153.51
17064,2021-07,region_157,brand_12_market,470959.36
17065,2021-07,region_157,brand_3_market,879314.44
17066,2021-07,region_158,brand_3,35071.16
17067,2021-07,region_158,brand_12_market,310196.56
17068,2021-07,region_158,brand_3_market,533564.84
17069,2021-07,region_159,brand_3,39121.59
17070,2021-07,region_159,brand_12_market,417205.48
17071,2021-07,region_159,brand_3_market,664859.35
17072,2021-07,region_160,brand_3,20182.01
17073,2021-07,region_160,brand_12_market,379410.47
17074,2021-07,region_160,brand_3_market,627748.56
17075,2021-07,region_161,brand_3,13873.14
17076,2021-07,region_161,brand_12_market,185840.57
17077,2021-07,region_161,brand_3_market,292146.17
17078,2021-07,region_162,brand_3,71883.86
17079,2021-07,region_162,brand_12_market,262913.54
17080,2021-07,region_162,brand_3_market,593090.62
17081,2021-07,region_163,brand_3,42484.74
17082,2021-07,region_163,brand_12_market,404098.96
17083,2021-07,region_163,brand_3_market,647418.35
17084,2021-07,region_164,brand_3,71261.53
17085,2021-07,region_164,brand_12_market,544337.67
17086,2021-07,region_164,brand_3_market,922438.46
17087,2021-07,region_165,brand_3,110777.31
17088,2021-07,region_165,brand_12_market,444949.61
17089,2021-07,region_165,brand_3_market,931100.04
17090,2021-07,region_166,brand_3,15970.82
17091,2021-07,region_166,brand_12_market,207209.86
17092,2021-07,region_166,brand_3_market,322935.03
17093,2021-07,region_167,brand_3,22808.39
17094,2021-07,region_167,brand_12_market,283590.36
17095,2021-07,region_167,brand_3_market,481671.43
17096,2021-07,region_168,brand_3,63744.49
17097,2021-07,region_168,brand_12_market,388825.05
17098,2021-07,region_168,brand_3_market,634333.23
17099,2021-07,region_169,brand_3,27376.76
17100,2021-07,region_169,brand_12_market,247985.04
17101,2021-07,region_169,brand_3_market,463613.69
17102,2021-07,region_170,brand_3,100628.37
17103,2021-07,region_170,brand_12_market,474793.57
17104,2021-07,region_170,brand_3_market,845439.17
17105,2021-07,region_171,brand_3,34826.77
17106,2021-07,region_171,brand_12_market,268504.51
17107,2021-07,region_171,brand_3_market,549118.29
17108,2021-07,region_172,brand_3,64397.65
17109,2021-07,region_172,brand_12_market,258082.92
17110,2021-07,region_172,brand_3_market,504488.18
17111,2021-07,region_173,brand_3,71534.82
17112,2021-07,region_173,brand_12_market,538092.47
17113,2021-07,region_173,brand_3_market,925202.43
17114,2021-07,region_174,brand_3,40697.72
17115,2021-07,region_174,brand_12_market,434933.92
17116,2021-07,region_174,brand_3_market,739577.74
17117,2021-07,region_175,brand_3,21003.73
17118,2021-07,region_175,brand_12_market,385808.95
17119,2021-07,region_175,brand_3_market,662867.34
17120,2021-07,region_176,brand_3,30133.06
17121,2021-07,region_176,brand_12_market,304236.76
17122,2021-07,region_176,brand_3_market,618356.04
17123,2021-07,region_177,brand_3,53589.52
17124,2021-07,region_177,brand_12_market,414074.46
17125,2021-07,region_177,brand_3_market,829071.85
17126,2021-07,region_178,brand_3,27013.47
17127,2021-07,region_178,brand_12_market,309895.89
17128,2021-07,region_178,brand_3_market,479083.33
17129,2021-07,region_179,brand_3,76088.03
17130,2021-07,region_179,brand_12_market,584050.25
17131,2021-07,region_179,brand_3_market,1038998.42
17132,2021-07,region_180,brand_3,19903.68
17133,2021-07,region_180,brand_12_market,159774.07
17134,2021-07,region_180,brand_3_market,278218.24
17135,2021-07,region_181,brand_3,26305.4
17136,2021-07,region_181,brand_12_market,350457.5
17137,2021-07,region_181,brand_3_market,594764.07
17138,2021-07,region_182,brand_3,42778.45
17139,2021-07,region_182,brand_12_market,405360.37
17140,2021-07,region_182,brand_3_market,708966.22
17141,2021-07,region_183,brand_3,30694.58
17142,2021-07,region_183,brand_12_market,224236.77
17143,2021-07,region_183,brand_3_market,393859.71
17144,2021-07,region_184,brand_3,18135.95
17145,2021-07,region_184,brand_12_market,273618.3
17146,2021-07,region_184,brand_3_market,446720.12
17147,2021-07,region_185,brand_3,41486.1
17148,2021-07,region_185,brand_12_market,506105.96
17149,2021-07,region_185,brand_3_market,852755.4
17150,2021-07,region_186,brand_3,80284.02
17151,2021-07,region_186,brand_12_market,318216.65
17152,2021-07,region_186,brand_3_market,657603.74
17153,2021-07,region_187,brand_3,30529.02
17154,2021-07,region_187,brand_12_market,413622.15
17155,2021-07,region_187,brand_3_market,686914.14
17156,2021-07,region_188,brand_3,47549.3
17157,2021-07,region_188,brand_12_market,356693.83
17158,2021-07,region_188,brand_3_market,645819.46
17159,2021-07,region_189,brand_3,126695.07
17160,2021-07,region_189,brand_12_market,517689.63
17161,2021-07,region_189,brand_3_market,1019729.01
17162,2021-07,region_190,brand_3,45564.86
17163,2021-07,region_190,brand_12_market,310467.0
17164,2021-07,region_190,brand_3_market,554700.73
17165,2021-07,region_191,brand_3,83156.06
17166,2021-07,region_191,brand_12_market,329959.59
17167,2021-07,region_191,brand_3_market,640609.5
17168,2021-07,region_192,brand_3,39915.02
17169,2021-07,region_192,brand_12_market,261573.49
17170,2021-07,region_192,brand_3_market,469573.91
17171,2021-07,region_193,brand_3,18202.05
17172,2021-07,region_193,brand_12_market,364139.59
17173,2021-07,region_193,brand_3_market,531069.15
17174,2021-07,region_194,brand_3,82973.87
17175,2021-07,region_194,brand_12_market,540164.41
17176,2021-07,region_194,brand_3_market,989977.77
17177,2021-07,region_195,brand_3,19120.5
17178,2021-07,region_195,brand_12_market,170986.55
17179,2021-07,region_195,brand_3_market,280639.99
17180,2021-07,region_196,brand_3,26917.34
17181,2021-07,region_196,brand_12_market,320648.09
17182,2021-07,region_196,brand_3_market,576001.9
17183,2021-07,region_197,brand_3,44237.46
17184,2021-07,region_197,brand_12_market,240489.32
17185,2021-07,region_197,brand_3_market,489472.94
17186,2021-07,region_198,brand_3,41530.7
17187,2021-07,region_198,brand_12_market,307010.57
17188,2021-07,region_198,brand_3_market,587250.6
17189,2021-07,region_199,brand_3,54673.35
17190,2021-07,region_199,brand_12_market,370032.35
17191,2021-07,region_199,brand_3_market,663370.7
17192,2021-07,region_200,brand_3,66297.24
17193,2021-07,region_200,brand_12_market,410435.21
17194,2021-07,region_200,brand_3_market,715514.89
17950,2021-08,region_151,brand_3,27627.8
17951,2021-08,region_151,brand_12_market,210280.75
17952,2021-08,region_151,brand_3_market,383995.75
17953,2021-08,region_152,brand_3,21686.34
17954,2021-08,region_152,brand_12_market,167137.82
17955,2021-08,region_152,brand_3_market,307130.19
17956,2021-08,region_153,brand_3,71541.12
17957,2021-08,region_153,brand_12_market,359216.85
17958,2021-08,region_153,brand_3_market,613086.08
17959,2021-08,region_154,brand_3,97028.47
17960,2021-08,region_154,brand_12_market,415026.6
17961,2021-08,region_154,brand_3_market,782539.82
17962,2021-08,region_155,brand_3,28066.51
17963,2021-08,region_155,brand_12_market,283064.71
17964,2021-08,region_155,brand_3_market,481976.75
17965,2021-08,region_156,brand_3,17275.65
17966,2021-08,region_156,brand_12_market,210173.01
17967,2021-08,region_156,brand_3_market,338748.5
17968,2021-08,region_157,brand_3,52609.86
17969,2021-08,region_157,brand_12_market,430986.54
17970,2021-08,region_157,brand_3_market,789784.4
17971,2021-08,region_158,brand_3,28795.93
17972,2021-08,region_158,brand_12_market,279617.59
17973,2021-08,region_158,brand_3_market,470587.73
17974,2021-08,region_159,brand_3,30590.41
17975,2021-08,region_159,brand_12_market,297346.18
17976,2021-08,region_159,brand_3_market,491791.7
17977,2021-08,region_160,brand_3,16518.93
17978,2021-08,region_160,brand_12_market,285998.54
17979,2021-08,region_160,brand_3_market,495341.67
17980,2021-08,region_161,brand_3,9141.81
17981,2021-08,region_161,brand_12_market,114891.83
17982,2021-08,region_161,brand_3_market,191983.51
17983,2021-08,region_162,brand_3,69595.5
17984,2021-08,region_162,brand_12_market,265206.68
17985,2021-08,region_162,brand_3_market,587768.86
17986,2021-08,region_163,brand_3,28292.81
17987,2021-08,region_163,brand_12_market,284585.66
17988,2021-08,region_163,brand_3_market,456031.17
17989,2021-08,region_164,brand_3,66874.42
17990,2021-08,region_164,brand_12_market,511102.54
17991,2021-08,region_164,brand_3_market,859290.81
17992,2021-08,region_165,brand_3,126575.02
17993,2021-08,region_165,brand_12_market,518389.93
17994,2021-08,region_165,brand_3_market,1058611.56
17995,2021-08,region_166,brand_3,16274.03
17996,2021-08,region_166,brand_12_market,179117.04
17997,2021-08,region_166,brand_3_market,284824.5
17998,2021-08,region_167,brand_3,23570.05
17999,2021-08,region_167,brand_12_market,250603.15
18000,2021-08,region_167,brand_3_market,421271.12
18001,2021-08,region_168,brand_3,56848.78
18002,2021-08,region_168,brand_12_market,370265.34
18003,2021-08,region_168,brand_3_market,598395.16
18004,2021-08,region_169,brand_3,24031.69
18005,2021-08,region_169,brand_12_market,209613.67
18006,2021-08,region_169,brand_3_market,408249.41
18007,2021-08,region_170,brand_3,76851.06
18008,2021-08,region_170,brand_12_market,329974.26
18009,2021-08,region_170,brand_3_market,593586.53
18010,2021-08,region_171,brand_3,33846.02
18011,2021-08,region_171,brand_12_market,251046.28
18012,2021-08,region_171,brand_3_market,519971.01
18013,2021-08,region_172,brand_3,52259.04
18014,2021-08,region_172,brand_12_market,196911.09
18015,2021-08,region_172,brand_3_market,397299.15
18016,2021-08,region_173,brand_3,62559.35
18017,2021-08,region_173,brand_12_market,515369.81
18018,2021-08,region_173,brand_3_market,878719.72
18019,2021-08,region_174,brand_3,44744.7
18020,2021-08,region_174,brand_12_market,509038.19
18021,2021-08,region_174,brand_3_market,846468.74
18022,2021-08,region_175,brand_3,14075.29
18023,2021-08,region_175,brand_12_market,299192.56
18024,2021-08,region_175,brand_3_market,522563.08
18025,2021-08,region_176,brand_3,34293.75
18026,2021-08,region_176,brand_12_market,352426.66
18027,2021-08,region_176,brand_3_market,696711.41
18028,2021-08,region_177,brand_3,49128.94
18029,2021-08,region_177,brand_12_market,367759.86
18030,2021-08,region_177,brand_3_market,752315.49
18031,2021-08,region_178,brand_3,28772.06
18032,2021-08,region_178,brand_12_market,245970.78
18033,2021-08,region_178,brand_3_market,404487.58
18034,2021-08,region_179,brand_3,84065.69
18035,2021-08,region_179,brand_12_market,648387.95
18036,2021-08,region_179,brand_3_market,1135924.42
18037,2021-08,region_180,brand_3,15314.2
18038,2021-08,region_180,brand_12_market,135375.42
18039,2021-08,region_180,brand_3_market,221934.55
18040,2021-08,region_181,brand_3,21867.0
18041,2021-08,region_181,brand_12_market,272836.93
18042,2021-08,region_181,brand_3_market,477156.94
18043,2021-08,region_182,brand_3,36313.76
18044,2021-08,region_182,brand_12_market,330152.49
18045,2021-08,region_182,brand_3_market,586759.97
18046,2021-08,region_183,brand_3,20766.73
18047,2021-08,region_183,brand_12_market,167759.26
18048,2021-08,region_183,brand_3_market,311316.07
18049,2021-08,region_184,brand_3,12463.86
18050,2021-08,region_184,brand_12_market,208162.68
18051,2021-08,region_184,brand_3_market,341717.42
18052,2021-08,region_185,brand_3,37407.17
18053,2021-08,region_185,brand_12_market,408481.18
18054,2021-08,region_185,brand_3_market,700783.6
18055,2021-08,region_186,brand_3,65381.03
18056,2021-08,region_186,brand_12_market,252087.7
18057,2021-08,region_186,brand_3_market,516418.79
18058,2021-08,region_187,brand_3,30985.59
18059,2021-08,region_187,brand_12_market,396641.87
18060,2021-08,region_187,brand_3_market,672693.22
18061,2021-08,region_188,brand_3,37905.78
18062,2021-08,region_188,brand_12_market,271690.3
18063,2021-08,region_188,brand_3_market,491671.48
18064,2021-08,region_189,brand_3,96659.92
18065,2021-08,region_189,brand_12_market,362865.99
18066,2021-08,region_189,brand_3_market,736568.42
18067,2021-08,region_190,brand_3,45534.83
18068,2021-08,region_190,brand_12_market,305803.26
18069,2021-08,region_190,brand_3_market,544807.18
18070,2021-08,region_191,brand_3,108787.36
18071,2021-08,region_191,brand_12_market,409169.01
18072,2021-08,region_191,brand_3_market,814802.26
18073,2021-08,region_192,brand_3,30540.24
18074,2021-08,region_192,brand_12_market,206344.42
18075,2021-08,region_192,brand_3_market,366808.58
18076,2021-08,region_193,brand_3,13153.77
18077,2021-08,region_193,brand_12_market,257088.76
18078,2021-08,region_193,brand_3_market,378821.18
18079,2021-08,region_194,brand_3,56443.3
18080,2021-08,region_194,brand_12_market,390273.47
18081,2021-08,region_194,brand_3_market,707709.75
18082,2021-08,region_195,brand_3,17482.12
18083,2021-08,region_195,brand_12_market,140895.48
18084,2021-08,region_195,brand_3_market,232546.84
18085,2021-08,region_196,brand_3,27605.27
18086,2021-08,region_196,brand_12_market,274538.96
18087,2021-08,region_196,brand_3_market,490316.74
18088,2021-08,region_197,brand_3,41339.58
18089,2021-08,region_197,brand_12_market,197299.43
18090,2021-08,region_197,brand_3_market,411862.82
18091,2021-08,region_198,brand_3,47292.98
18092,2021-08,region_198,brand_12_market,276255.02
18093,2021-08,region_198,brand_3_market,536692.55
18094,2021-08,region_199,brand_3,39418.5
18095,2021-08,region_199,brand_12_market,267255.42
18096,2021-08,region_199,brand_3_market,498491.77
18097,2021-08,region_200,brand_3,50417.07
18098,2021-08,region_200,brand_12_market,289230.73
18099,2021-08,region_200,brand_3_market,509048.09
